period,stateid,stateDescription,sectorid,sectorName,price,sales,price-units,sales-units
2024-05,AL,Alabama,RES,residential,14.73,2532.77329,cents per kilowatthour,million kilowatthours
2024-05,MN,Minnesota,RES,residential,15.69,1571.5684,cents per kilowatthour,million kilowatthours
2024-05,MI,Michigan,RES,residential,19.44,2477.25469,cents per kilowatthour,million kilowatthours
2024-05,MA,Massachusetts,RES,residential,28.7,1446.62243,cents per kilowatthour,million kilowatthours
2024-05,MD,Maryland,RES,residential,17.63,1858.93542,cents per kilowatthour,million kilowatthours
2024-05,ME,Maine,RES,residential,20.48,386.78962,cents per kilowatthour,million kilowatthours
2024-05,LA,Louisiana,RES,residential,11.49,2325.59426,cents per kilowatthour,million kilowatthours
2024-05,KY,Kentucky,RES,residential,12.94,1895.03048,cents per kilowatthour,million kilowatthours
2024-05,KS,Kansas,RES,residential,14.14,982.46917,cents per kilowatthour,million kilowatthours
2024-05,IA,Iowa,RES,residential,14.23,999.78294,cents per kilowatthour,million kilowatthours
2024-05,IN,Indiana,RES,residential,15.27,2326.71053,cents per kilowatthour,million kilowatthours
2024-05,IL,Illinois,RES,residential,16.71,3605.99777,cents per kilowatthour,million kilowatthours
2024-05,ID,Idaho,RES,residential,11.55,634.93089,cents per kilowatthour,million kilowatthours
2024-05,HI,Hawaii,RES,residential,44.14,211.28723,cents per kilowatthour,million kilowatthours
2024-05,GA,Georgia,RES,residential,14.92,4651.43145,cents per kilowatthour,million kilowatthours
2024-05,FL,Florida,RES,residential,13.63,12160.43599,cents per kilowatthour,million kilowatthours
2024-05,DC,District of Columbia,RES,residential,17.76,171.99937,cents per kilowatthour,million kilowatthours
2024-05,DE,Delaware,RES,residential,17.27,325.14677,cents per kilowatthour,million kilowatthours
2024-05,CT,Connecticut,RES,residential,26.76,882.42463,cents per kilowatthour,million kilowatthours
2024-05,CO,Colorado,RES,residential,14.74,1476.19523,cents per kilowatthour,million kilowatthours
2024-05,US,U.S. Total,RES,residential,16.43,109075.79139,cents per kilowatthour,million kilowatthours
2024-05,PACN,Pacific Noncontiguous,RES,residential,36.22,360.77609,cents per kilowatthour,million kilowatthours
2024-05,PACC,Pacific Contiguous,RES,residential,25.07,9340.16103,cents per kilowatthour,million kilowatthours
2024-05,MTN,Mountain,RES,residential,14.44,8161.82178,cents per kilowatthour,million kilowatthours
2024-05,WSC,West South Central,RES,residential,13.85,17928.66141,cents per kilowatthour,million kilowatthours
2024-05,ESC,East South Central,RES,residential,13.44,8769.38643,cents per kilowatthour,million kilowatthours
2024-05,SAT,South Atlantic,RES,residential,14.46,30003.20892,cents per kilowatthour,million kilowatthours
2024-05,WNC,West North Central,RES,residential,13.73,7305.29371,cents per kilowatthour,million kilowatthours
2024-05,ENC,East North Central,RES,residential,17.07,13596.32177,cents per kilowatthour,million kilowatthours
2024-05,MAT,Middle Atlantic,RES,residential,20.02,10207.89447,cents per kilowatthour,million kilowatthours
2024-05,NEW,New England,RES,residential,26.4,3402.26578,cents per kilowatthour,million kilowatthours
2024-05,WY,Wyoming,RES,residential,12.81,202.4414,cents per kilowatthour,million kilowatthours
2024-05,WI,Wisconsin,RES,residential,17.82,1534.25622,cents per kilowatthour,million kilowatthours
2024-05,WV,West Virginia,RES,residential,15.98,683.87592,cents per kilowatthour,million kilowatthours
2024-05,WA,Washington,RES,residential,12.16,2717.95922,cents per kilowatthour,million kilowatthours
2024-05,VA,Virginia,RES,residential,15.02,3108.71274,cents per kilowatthour,million kilowatthours
2024-05,VT,Vermont,RES,residential,22.3,151.17024,cents per kilowatthour,million kilowatthours
2024-05,UT,Utah,RES,residential,11.01,769.59233,cents per kilowatthour,million kilowatthours
2024-05,TX,Texas,RES,residential,14.74,12605.55786,cents per kilowatthour,million kilowatthours
2024-05,TN,Tennessee,RES,residential,12.46,2950.79861,cents per kilowatthour,million kilowatthours
2024-05,SD,South Dakota,RES,residential,13.63,337.73466,cents per kilowatthour,million kilowatthours
2024-05,SC,South Carolina,RES,residential,14.07,2475.55994,cents per kilowatthour,million kilowatthours
2024-05,RI,Rhode Island,RES,residential,28.09,209.02336,cents per kilowatthour,million kilowatthours
2024-05,PA,Pennsylvania,RES,residential,18.1,4692.61735,cents per kilowatthour,million kilowatthours
2024-05,OR,Oregon,RES,residential,15.03,1351.7101,cents per kilowatthour,million kilowatthours
2024-05,OK,Oklahoma,RES,residential,11.7,1762.62862,cents per kilowatthour,million kilowatthours
2024-05,OH,Ohio,RES,residential,16.65,3652.10256,cents per kilowatthour,million kilowatthours
2024-05,ND,North Dakota,RES,residential,13.04,304.47722,cents per kilowatthour,million kilowatthours
2024-05,NC,North Carolina,RES,residential,14.18,4567.11132,cents per kilowatthour,million kilowatthours
2024-05,NY,New York,RES,residential,23.6,3370.65074,cents per kilowatthour,million kilowatthours
2024-05,NM,New Mexico,RES,residential,13.84,520.531,cents per kilowatthour,million kilowatthours
2024-05,NJ,New Jersey,RES,residential,18.58,2144.62638,cents per kilowatthour,million kilowatthours
2024-05,NH,New Hampshire,RES,residential,23.01,326.2355,cents per kilowatthour,million kilowatthours
2024-05,NV,Nevada,RES,residential,16.18,1070.86919,cents per kilowatthour,million kilowatthours
2024-05,NE,Nebraska,RES,residential,12.22,678.39184,cents per kilowatthour,million kilowatthours
2024-05,MT,Montana,RES,residential,13.26,395.944,cents per kilowatthour,million kilowatthours
2024-05,MO,Missouri,RES,residential,12.62,2430.86948,cents per kilowatthour,million kilowatthours
2024-05,MS,Mississippi,RES,residential,13.86,1390.78406,cents per kilowatthour,million kilowatthours
2024-05,CA,California,RES,residential,34.31,5270.49171,cents per kilowatthour,million kilowatthours
2024-05,AR,Arkansas,RES,residential,12.27,1234.88068,cents per kilowatthour,million kilowatthours
2024-05,AZ,Arizona,RES,residential,15.5,3091.31775,cents per kilowatthour,million kilowatthours
2024-05,AK,Alaska,RES,residential,25.02,149.48886,cents per kilowatthour,million kilowatthours
2024-04,SAT,South Atlantic,RES,residential,15,24513.13648,cents per kilowatthour,million kilowatthours
2024-04,LA,Louisiana,RES,residential,12.08,1792.78495,cents per kilowatthour,million kilowatthours
2024-04,KY,Kentucky,RES,residential,13,1682.8654,cents per kilowatthour,million kilowatthours
2024-04,KS,Kansas,RES,residential,14.38,820.0969,cents per kilowatthour,million kilowatthours
2024-04,IA,Iowa,RES,residential,13.1,1033.92468,cents per kilowatthour,million kilowatthours
2024-04,IN,Indiana,RES,residential,15.33,2132.79493,cents per kilowatthour,million kilowatthours
2024-04,IL,Illinois,RES,residential,16.68,2812.99621,cents per kilowatthour,million kilowatthours
2024-04,ID,Idaho,RES,residential,11.45,662.7971,cents per kilowatthour,million kilowatthours
2024-04,HI,Hawaii,RES,residential,45.19,195.43844,cents per kilowatthour,million kilowatthours
2024-04,GA,Georgia,RES,residential,14.1,3841.52847,cents per kilowatthour,million kilowatthours
2024-04,FL,Florida,RES,residential,14.65,9148.36527,cents per kilowatthour,million kilowatthours
2024-04,DC,District of Columbia,RES,residential,17.85,156.10327,cents per kilowatthour,million kilowatthours
2024-04,DE,Delaware,RES,residential,18.28,340.6863,cents per kilowatthour,million kilowatthours
2024-04,CT,Connecticut,RES,residential,29.58,878.38733,cents per kilowatthour,million kilowatthours
2024-04,CO,Colorado,RES,residential,14.77,1375.82601,cents per kilowatthour,million kilowatthours
2024-04,WNC,West North Central,RES,residential,13.3,7139.10598,cents per kilowatthour,million kilowatthours
2024-04,ENC,East North Central,RES,residential,17.02,12257.96362,cents per kilowatthour,million kilowatthours
2024-04,MAT,Middle Atlantic,RES,residential,19.78,10131.72775,cents per kilowatthour,million kilowatthours
2024-04,NEW,New England,RES,residential,27.31,3506.85155,cents per kilowatthour,million kilowatthours
2024-04,WY,Wyoming,RES,residential,12.2,228.84192,cents per kilowatthour,million kilowatthours
2024-04,CA,California,RES,residential,34.26,5414.58377,cents per kilowatthour,million kilowatthours
2024-04,AR,Arkansas,RES,residential,12.6,1092.82679,cents per kilowatthour,million kilowatthours
2024-04,AZ,Arizona,RES,residential,15.24,2290.18959,cents per kilowatthour,million kilowatthours
2024-04,AK,Alaska,RES,residential,24.89,163.52872,cents per kilowatthour,million kilowatthours
2024-04,AL,Alabama,RES,residential,15.85,1952.08615,cents per kilowatthour,million kilowatthours
2024-04,WI,Wisconsin,RES,residential,17.31,1558.14975,cents per kilowatthour,million kilowatthours
2024-04,WV,West Virginia,RES,residential,15.56,679.63232,cents per kilowatthour,million kilowatthours
2024-04,WA,Washington,RES,residential,11.84,3039.77756,cents per kilowatthour,million kilowatthours
2024-04,VA,Virginia,RES,residential,14.99,2781.59753,cents per kilowatthour,million kilowatthours
2024-04,VT,Vermont,RES,residential,21.85,162.15358,cents per kilowatthour,million kilowatthours
2024-04,UT,Utah,RES,residential,11.07,705.84619,cents per kilowatthour,million kilowatthours
2024-04,TX,Texas,RES,residential,15.02,9668.77528,cents per kilowatthour,million kilowatthours
2024-04,TN,Tennessee,RES,residential,12.76,2798.68536,cents per kilowatthour,million kilowatthours
2024-04,SD,South Dakota,RES,residential,12.84,391.25667,cents per kilowatthour,million kilowatthours
2024-04,SC,South Carolina,RES,residential,14.9,1986.00377,cents per kilowatthour,million kilowatthours
2024-04,RI,Rhode Island,RES,residential,27.93,211.09353,cents per kilowatthour,million kilowatthours
2024-04,PA,Pennsylvania,RES,residential,17.95,4778.20614,cents per kilowatthour,million kilowatthours
2024-04,OR,Oregon,RES,residential,14.6,1447.77457,cents per kilowatthour,million kilowatthours
2024-04,OK,Oklahoma,RES,residential,12.46,1378.12656,cents per kilowatthour,million kilowatthours
2024-04,OH,Ohio,RES,residential,16.75,3502.81451,cents per kilowatthour,million kilowatthours
2024-04,ND,North Dakota,RES,residential,11.33,363.054,cents per kilowatthour,million kilowatthours
2024-04,NC,North Carolina,RES,residential,14.98,3851.08634,cents per kilowatthour,million kilowatthours
2024-04,NY,New York,RES,residential,22.97,3513.043,cents per kilowatthour,million kilowatthours
2024-04,NM,New Mexico,RES,residential,14.29,455.62615,cents per kilowatthour,million kilowatthours
2024-04,NJ,New Jersey,RES,residential,18.45,1840.4786,cents per kilowatthour,million kilowatthours
2024-04,NH,New Hampshire,RES,residential,23,342.76926,cents per kilowatthour,million kilowatthours
2024-04,NV,Nevada,RES,residential,16.59,801.73656,cents per kilowatthour,million kilowatthours
2024-04,NE,Nebraska,RES,residential,11.85,688.94906,cents per kilowatthour,million kilowatthours
2024-04,MT,Montana,RES,residential,12.52,437.87161,cents per kilowatthour,million kilowatthours
2024-04,MO,Missouri,RES,residential,12.52,2210.81413,cents per kilowatthour,million kilowatthours
2024-04,MS,Mississippi,RES,residential,14.64,1101.41601,cents per kilowatthour,million kilowatthours
2024-04,MN,Minnesota,RES,residential,15.08,1631.01056,cents per kilowatthour,million kilowatthours
2024-04,MI,Michigan,RES,residential,19.23,2251.20822,cents per kilowatthour,million kilowatthours
2024-04,MA,Massachusetts,RES,residential,29.5,1474.40845,cents per kilowatthour,million kilowatthours
2024-04,MD,Maryland,RES,residential,17.85,1728.13323,cents per kilowatthour,million kilowatthours
2024-04,ME,Maine,RES,residential,20.47,438.03941,cents per kilowatthour,million kilowatthours
2024-04,US,U.S. Total,RES,residential,16.88,96236.19008,cents per kilowatthour,million kilowatthours
2024-04,PACN,Pacific Noncontiguous,RES,residential,35.94,358.96716,cents per kilowatthour,million kilowatthours
2024-04,PACC,Pacific Contiguous,RES,residential,24.5,9902.13589,cents per kilowatthour,million kilowatthours
2024-04,MTN,Mountain,RES,residential,14.19,6958.73514,cents per kilowatthour,million kilowatthours
2024-04,WSC,West South Central,RES,residential,14.2,13932.51359,cents per kilowatthour,million kilowatthours
2024-04,ESC,East South Central,RES,residential,13.89,7535.05292,cents per kilowatthour,million kilowatthours
2024-03,TX,Texas,RES,residential,14.92,9391.61599,cents per kilowatthour,million kilowatthours
2024-03,MA,Massachusetts,RES,residential,29.66,1667.32748,cents per kilowatthour,million kilowatthours
2024-03,MD,Maryland,RES,residential,18.09,2074.90083,cents per kilowatthour,million kilowatthours
2024-03,ME,Maine,RES,residential,22.25,459.46404,cents per kilowatthour,million kilowatthours
2024-03,LA,Louisiana,RES,residential,12.38,1826.12144,cents per kilowatthour,million kilowatthours
2024-03,KY,Kentucky,RES,residential,13.01,1916.67081,cents per kilowatthour,million kilowatthours
2024-03,KS,Kansas,RES,residential,14.24,857.21133,cents per kilowatthour,million kilowatthours
2024-03,IA,Iowa,RES,residential,12.85,1148.62454,cents per kilowatthour,million kilowatthours
2024-03,IN,Indiana,RES,residential,14.53,2400.11611,cents per kilowatthour,million kilowatthours
2024-03,IL,Illinois,RES,residential,16.1,3077.34628,cents per kilowatthour,million kilowatthours
2024-03,ID,Idaho,RES,residential,11.07,832.877,cents per kilowatthour,million kilowatthours
2024-03,HI,Hawaii,RES,residential,45.25,195.48792,cents per kilowatthour,million kilowatthours
2024-03,GA,Georgia,RES,residential,13.57,3954.81088,cents per kilowatthour,million kilowatthours
2024-03,FL,Florida,RES,residential,14.69,8963.91565,cents per kilowatthour,million kilowatthours
2024-03,DC,District of Columbia,RES,residential,17.65,176.75239,cents per kilowatthour,million kilowatthours
2024-03,DE,Delaware,RES,residential,16.6,443.89911,cents per kilowatthour,million kilowatthours
2024-03,CT,Connecticut,RES,residential,29.12,983.11665,cents per kilowatthour,million kilowatthours
2024-03,CO,Colorado,RES,residential,14.64,1543.80512,cents per kilowatthour,million kilowatthours
2024-03,CA,California,RES,residential,32.47,5918.23139,cents per kilowatthour,million kilowatthours
2024-03,AR,Arkansas,RES,residential,12.88,1205.04663,cents per kilowatthour,million kilowatthours
2024-03,AZ,Arizona,RES,residential,14.95,2136.6935,cents per kilowatthour,million kilowatthours
2024-03,AK,Alaska,RES,residential,24.71,190.61423,cents per kilowatthour,million kilowatthours
2024-03,AL,Alabama,RES,residential,15.87,2062.74686,cents per kilowatthour,million kilowatthours
2024-03,OH,Ohio,RES,residential,16.28,3818.35256,cents per kilowatthour,million kilowatthours
2024-03,ND,North Dakota,RES,residential,10.44,480.59204,cents per kilowatthour,million kilowatthours
2024-03,NC,North Carolina,RES,residential,15.6,4084.99863,cents per kilowatthour,million kilowatthours
2024-03,NY,New York,RES,residential,23.64,3775.82088,cents per kilowatthour,million kilowatthours
2024-03,NM,New Mexico,RES,residential,14.49,480.69293,cents per kilowatthour,million kilowatthours
2024-03,NJ,New Jersey,RES,residential,18.04,1825.92001,cents per kilowatthour,million kilowatthours
2024-03,NH,New Hampshire,RES,residential,22.43,382.81703,cents per kilowatthour,million kilowatthours
2024-03,NV,Nevada,RES,residential,16.82,768.95715,cents per kilowatthour,million kilowatthours
2024-03,NE,Nebraska,RES,residential,11.61,787.86145,cents per kilowatthour,million kilowatthours
2024-03,MT,Montana,RES,residential,12.22,522.29996,cents per kilowatthour,million kilowatthours
2024-03,MO,Missouri,RES,residential,12.56,2451.33754,cents per kilowatthour,million kilowatthours
2024-03,MS,Mississippi,RES,residential,14.24,1181.06963,cents per kilowatthour,million kilowatthours
2024-03,MN,Minnesota,RES,residential,14.69,1866.53297,cents per kilowatthour,million kilowatthours
2024-03,MI,Michigan,RES,residential,18.7,2571.98349,cents per kilowatthour,million kilowatthours
2024-03,TN,Tennessee,RES,residential,13.17,3068.39674,cents per kilowatthour,million kilowatthours
2024-03,SD,South Dakota,RES,residential,12.31,445.89165,cents per kilowatthour,million kilowatthours
2024-03,SC,South Carolina,RES,residential,14.88,2052.51504,cents per kilowatthour,million kilowatthours
2024-03,RI,Rhode Island,RES,residential,30.26,230.49498,cents per kilowatthour,million kilowatthours
2024-03,PA,Pennsylvania,RES,residential,17.6,5543.72485,cents per kilowatthour,million kilowatthours
2024-03,OR,Oregon,RES,residential,14.32,1776.25403,cents per kilowatthour,million kilowatthours
2024-03,OK,Oklahoma,RES,residential,11.83,1499.25875,cents per kilowatthour,million kilowatthours
2024-03,US,U.S. Total,RES,residential,16.68,103974.48635,cents per kilowatthour,million kilowatthours
2024-03,PACN,Pacific Noncontiguous,RES,residential,35.11,386.10215,cents per kilowatthour,million kilowatthours
2024-03,PACC,Pacific Contiguous,RES,residential,22.94,11359.7233,cents per kilowatthour,million kilowatthours
2024-03,MTN,Mountain,RES,residential,13.86,7370.91069,cents per kilowatthour,million kilowatthours
2024-03,WSC,West South Central,RES,residential,14.08,13922.0428,cents per kilowatthour,million kilowatthours
2024-03,ESC,East South Central,RES,residential,13.96,8228.88404,cents per kilowatthour,million kilowatthours
2024-03,SAT,South Atlantic,RES,residential,15.03,25995.67596,cents per kilowatthour,million kilowatthours
2024-03,WNC,West North Central,RES,residential,13.04,8038.05152,cents per kilowatthour,million kilowatthours
2024-03,ENC,East North Central,RES,residential,16.48,13616.19574,cents per kilowatthour,million kilowatthours
2024-03,MAT,Middle Atlantic,RES,residential,19.72,11145.46574,cents per kilowatthour,million kilowatthours
2024-03,NEW,New England,RES,residential,27.6,3911.43442,cents per kilowatthour,million kilowatthours
2024-03,WY,Wyoming,RES,residential,11.68,279.34079,cents per kilowatthour,million kilowatthours
2024-03,WI,Wisconsin,RES,residential,16.96,1748.39731,cents per kilowatthour,million kilowatthours
2024-03,WV,West Virginia,RES,residential,15.31,864.87591,cents per kilowatthour,million kilowatthours
2024-03,WA,Washington,RES,residential,11.72,3665.23787,cents per kilowatthour,million kilowatthours
2024-03,VA,Virginia,RES,residential,14.72,3379.00753,cents per kilowatthour,million kilowatthours
2024-03,VT,Vermont,RES,residential,21.72,188.21425,cents per kilowatthour,million kilowatthours
2024-03,UT,Utah,RES,residential,11,806.24424,cents per kilowatthour,million kilowatthours
2024-02,RI,Rhode Island,RES,residential,30.97,247.67043,cents per kilowatthour,million kilowatthours
2024-02,ID,Idaho,RES,residential,11.26,872.04321,cents per kilowatthour,million kilowatthours
2024-02,HI,Hawaii,RES,residential,43.93,195.31835,cents per kilowatthour,million kilowatthours
2024-02,GA,Georgia,RES,residential,12.95,4776.33666,cents per kilowatthour,million kilowatthours
2024-02,FL,Florida,RES,residential,15.28,8871.48609,cents per kilowatthour,million kilowatthours
2024-02,DC,District of Columbia,RES,residential,17.1,204.41283,cents per kilowatthour,million kilowatthours
2024-02,DE,Delaware,RES,residential,15.73,463.23709,cents per kilowatthour,million kilowatthours
2024-02,CT,Connecticut,RES,residential,29.52,1053.54408,cents per kilowatthour,million kilowatthours
2024-02,IA,Iowa,RES,residential,12.15,1240.66451,cents per kilowatthour,million kilowatthours
2024-02,IN,Indiana,RES,residential,14.11,2876.17895,cents per kilowatthour,million kilowatthours
2024-02,IL,Illinois,RES,residential,15.72,3348.17445,cents per kilowatthour,million kilowatthours
2024-02,AZ,Arizona,RES,residential,14.46,2194.99493,cents per kilowatthour,million kilowatthours
2024-02,AK,Alaska,RES,residential,22.88,210.49844,cents per kilowatthour,million kilowatthours
2024-02,AL,Alabama,RES,residential,14.98,2588.88968,cents per kilowatthour,million kilowatthours
2024-02,CO,Colorado,RES,residential,14.47,1621.53381,cents per kilowatthour,million kilowatthours
2024-02,CA,California,RES,residential,31.23,6305.04278,cents per kilowatthour,million kilowatthours
2024-02,AR,Arkansas,RES,residential,11.89,1686.97167,cents per kilowatthour,million kilowatthours
2024-02,MD,Maryland,RES,residential,17.6,2389.91876,cents per kilowatthour,million kilowatthours
2024-02,ME,Maine,RES,residential,24.95,473.60599,cents per kilowatthour,million kilowatthours
2024-02,LA,Louisiana,RES,residential,11.25,2331.21821,cents per kilowatthour,million kilowatthours
2024-02,KY,Kentucky,RES,residential,12.48,2314.06391,cents per kilowatthour,million kilowatthours
2024-02,KS,Kansas,RES,residential,13.74,991.65646,cents per kilowatthour,million kilowatthours
2024-02,PA,Pennsylvania,RES,residential,17.02,5972.39333,cents per kilowatthour,million kilowatthours
2024-02,OR,Oregon,RES,residential,14.23,1827.20925,cents per kilowatthour,million kilowatthours
2024-02,OK,Oklahoma,RES,residential,11.3,1738.94517,cents per kilowatthour,million kilowatthours
2024-02,OH,Ohio,RES,residential,15.77,4373.51938,cents per kilowatthour,million kilowatthours
2024-02,ND,North Dakota,RES,residential,10.5,469.35052,cents per kilowatthour,million kilowatthours
2024-02,NC,North Carolina,RES,residential,15.1,5042.033,cents per kilowatthour,million kilowatthours
2024-02,NY,New York,RES,residential,24.23,4196.89239,cents per kilowatthour,million kilowatthours
2024-02,NM,New Mexico,RES,residential,14.14,561.54759,cents per kilowatthour,million kilowatthours
2024-02,NJ,New Jersey,RES,residential,17.69,2150.4948,cents per kilowatthour,million kilowatthours
2024-02,NH,New Hampshire,RES,residential,23.76,417.05482,cents per kilowatthour,million kilowatthours
2024-02,NV,Nevada,RES,residential,16.69,801.15038,cents per kilowatthour,million kilowatthours
2024-02,NE,Nebraska,RES,residential,10.72,852.49527,cents per kilowatthour,million kilowatthours
2024-02,MT,Montana,RES,residential,11.96,612.08019,cents per kilowatthour,million kilowatthours
2024-02,MO,Missouri,RES,residential,11.43,2947.98046,cents per kilowatthour,million kilowatthours
2024-02,MS,Mississippi,RES,residential,13.19,1592.51219,cents per kilowatthour,million kilowatthours
2024-02,MN,Minnesota,RES,residential,14.36,1928.53045,cents per kilowatthour,million kilowatthours
2024-02,MI,Michigan,RES,residential,18.57,2578.05862,cents per kilowatthour,million kilowatthours
2024-02,MA,Massachusetts,RES,residential,29.25,1759.65785,cents per kilowatthour,million kilowatthours
2024-02,US,U.S. Total,RES,residential,16.1,117715.59855,cents per kilowatthour,million kilowatthours
2024-02,PACN,Pacific Noncontiguous,RES,residential,33.01,405.81678,cents per kilowatthour,million kilowatthours
2024-02,PACC,Pacific Contiguous,RES,residential,22.3,11939.63323,cents per kilowatthour,million kilowatthours
2024-02,MTN,Mountain,RES,residential,13.63,7791.94564,cents per kilowatthour,million kilowatthours
2024-02,WSC,West South Central,RES,residential,13.36,17215.07297,cents per kilowatthour,million kilowatthours
2024-02,ESC,East South Central,RES,residential,12.99,10729.96223,cents per kilowatthour,million kilowatthours
2024-02,SAT,South Atlantic,RES,residential,14.76,29306.87679,cents per kilowatthour,million kilowatthours
2024-02,WNC,West North Central,RES,residential,12.33,8921.63304,cents per kilowatthour,million kilowatthours
2024-02,ENC,East North Central,RES,residential,16.06,14930.93162,cents per kilowatthour,million kilowatthours
2024-02,MAT,Middle Atlantic,RES,residential,19.59,12319.78051,cents per kilowatthour,million kilowatthours
2024-02,NEW,New England,RES,residential,27.99,4153.94574,cents per kilowatthour,million kilowatthours
2024-02,WY,Wyoming,RES,residential,11.47,293.14636,cents per kilowatthour,million kilowatthours
2024-02,WI,Wisconsin,RES,residential,16.93,1755.00022,cents per kilowatthour,million kilowatthours
2024-02,WV,West Virginia,RES,residential,13.98,1007.33126,cents per kilowatthour,million kilowatthours
2024-02,WA,Washington,RES,residential,11.4,3807.3812,cents per kilowatthour,million kilowatthours
2024-02,VA,Virginia,RES,residential,13.97,4026.30662,cents per kilowatthour,million kilowatthours
2024-02,VT,Vermont,RES,residential,21.22,202.41257,cents per kilowatthour,million kilowatthours
2024-02,UT,Utah,RES,residential,10.99,835.44919,cents per kilowatthour,million kilowatthours
2024-02,TX,Texas,RES,residential,14.31,11457.93792,cents per kilowatthour,million kilowatthours
2024-02,TN,Tennessee,RES,residential,11.98,4234.49645,cents per kilowatthour,million kilowatthours
2024-02,SD,South Dakota,RES,residential,11.79,490.95538,cents per kilowatthour,million kilowatthours
2024-02,SC,South Carolina,RES,residential,14.21,2525.81448,cents per kilowatthour,million kilowatthours
2024-01,MD,Maryland,RES,residential,17.48,2882.79278,cents per kilowatthour,million kilowatthours
2024-01,CO,Colorado,RES,residential,14.26,1831.30179,cents per kilowatthour,million kilowatthours
2024-01,CA,California,RES,residential,29.49,7557.23395,cents per kilowatthour,million kilowatthours
2024-01,AR,Arkansas,RES,residential,11.24,2092.56172,cents per kilowatthour,million kilowatthours
2024-01,AZ,Arizona,RES,residential,14.11,2736.43727,cents per kilowatthour,million kilowatthours
2024-01,AK,Alaska,RES,residential,23.78,228.44932,cents per kilowatthour,million kilowatthours
2024-01,AL,Alabama,RES,residential,14.4,3496.0344,cents per kilowatthour,million kilowatthours
2024-01,HI,Hawaii,RES,residential,44.28,227.43747,cents per kilowatthour,million kilowatthours
2024-01,GA,Georgia,RES,residential,12.34,6214.46102,cents per kilowatthour,million kilowatthours
2024-01,FL,Florida,RES,residential,14.79,10086.15997,cents per kilowatthour,million kilowatthours
2024-01,DC,District of Columbia,RES,residential,16.83,221.9637,cents per kilowatthour,million kilowatthours
2024-01,ME,Maine,RES,residential,25.89,475.46918,cents per kilowatthour,million kilowatthours
2024-01,LA,Louisiana,RES,residential,10.82,2861.46841,cents per kilowatthour,million kilowatthours
2024-01,KY,Kentucky,RES,residential,12.27,2997.58609,cents per kilowatthour,million kilowatthours
2024-01,KS,Kansas,RES,residential,13.04,1411.37767,cents per kilowatthour,million kilowatthours
2024-01,IA,Iowa,RES,residential,11.85,1591.6102,cents per kilowatthour,million kilowatthours
2024-01,IN,Indiana,RES,residential,13.75,3475.66336,cents per kilowatthour,million kilowatthours
2024-01,IL,Illinois,RES,residential,14.93,4361.44196,cents per kilowatthour,million kilowatthours
2024-01,ID,Idaho,RES,residential,10.79,1092.26494,cents per kilowatthour,million kilowatthours
2024-01,DE,Delaware,RES,residential,15.53,485.46645,cents per kilowatthour,million kilowatthours
2024-01,CT,Connecticut,RES,residential,27.4,1274.11719,cents per kilowatthour,million kilowatthours
2024-01,MTN,Mountain,RES,residential,13.33,9260.29734,cents per kilowatthour,million kilowatthours
2024-01,WSC,West South Central,RES,residential,13.17,21589.91589,cents per kilowatthour,million kilowatthours
2024-01,ESC,East South Central,RES,residential,12.83,13073.83641,cents per kilowatthour,million kilowatthours
2024-01,SAT,South Atlantic,RES,residential,13.95,36285.0935,cents per kilowatthour,million kilowatthours
2024-01,SD,South Dakota,RES,residential,11.18,578.52579,cents per kilowatthour,million kilowatthours
2024-01,SC,South Carolina,RES,residential,13.54,3332.35248,cents per kilowatthour,million kilowatthours
2024-01,RI,Rhode Island,RES,residential,31.22,288.58919,cents per kilowatthour,million kilowatthours
2024-01,PA,Pennsylvania,RES,residential,17.39,5691.81745,cents per kilowatthour,million kilowatthours
2024-01,OR,Oregon,RES,residential,13.84,2265.57987,cents per kilowatthour,million kilowatthours
2024-01,OK,Oklahoma,RES,residential,11.16,2316.54633,cents per kilowatthour,million kilowatthours
2024-01,WNC,West North Central,RES,residential,11.73,11854.50922,cents per kilowatthour,million kilowatthours
2024-01,ENC,East North Central,RES,residential,15.65,18530.3243,cents per kilowatthour,million kilowatthours
2024-01,MAT,Middle Atlantic,RES,residential,19.61,12689.83599,cents per kilowatthour,million kilowatthours
2024-01,NEW,New England,RES,residential,27.32,4603.39107,cents per kilowatthour,million kilowatthours
2024-01,WY,Wyoming,RES,residential,10.86,371.97937,cents per kilowatthour,million kilowatthours
2024-01,WI,Wisconsin,RES,residential,16.46,2202.54834,cents per kilowatthour,million kilowatthours
2024-01,WV,West Virginia,RES,residential,13.64,1301.739,cents per kilowatthour,million kilowatthours
2024-01,WA,Washington,RES,residential,11.09,4673.01713,cents per kilowatthour,million kilowatthours
2024-01,VA,Virginia,RES,residential,13.5,5063.59759,cents per kilowatthour,million kilowatthours
2024-01,VT,Vermont,RES,residential,20.98,229.32242,cents per kilowatthour,million kilowatthours
2024-01,UT,Utah,RES,residential,10.85,956.94621,cents per kilowatthour,million kilowatthours
2024-01,TX,Texas,RES,residential,14.25,14319.33943,cents per kilowatthour,million kilowatthours
2024-01,TN,Tennessee,RES,residential,12.05,4664.3975,cents per kilowatthour,million kilowatthours
2024-01,OH,Ohio,RES,residential,15.58,5373.8,cents per kilowatthour,million kilowatthours
2024-01,ND,North Dakota,RES,residential,9.88,618.55992,cents per kilowatthour,million kilowatthours
2024-01,NC,North Carolina,RES,residential,13.07,6696.5605,cents per kilowatthour,million kilowatthours
2024-01,NY,New York,RES,residential,23.44,4437.97031,cents per kilowatthour,million kilowatthours
2024-01,NM,New Mexico,RES,residential,13.76,654.53289,cents per kilowatthour,million kilowatthours
2024-01,NJ,New Jersey,RES,residential,17.9,2560.04823,cents per kilowatthour,million kilowatthours
2024-01,NH,New Hampshire,RES,residential,25.07,448.15759,cents per kilowatthour,million kilowatthours
2024-01,NV,Nevada,RES,residential,16.38,940.73186,cents per kilowatthour,million kilowatthours
2024-01,NE,Nebraska,RES,residential,9.85,1246.14243,cents per kilowatthour,million kilowatthours
2024-01,MT,Montana,RES,residential,11.98,676.10302,cents per kilowatthour,million kilowatthours
2024-01,MO,Missouri,RES,residential,10.82,4043.86866,cents per kilowatthour,million kilowatthours
2024-01,MS,Mississippi,RES,residential,12.72,1915.81842,cents per kilowatthour,million kilowatthours
2024-01,MN,Minnesota,RES,residential,14.04,2364.42455,cents per kilowatthour,million kilowatthours
2024-01,US,U.S. Total,RES,residential,15.45,142838.92146,cents per kilowatthour,million kilowatthours
2024-01,PACN,Pacific Noncontiguous,RES,residential,34.01,455.88679,cents per kilowatthour,million kilowatthours
2024-01,PACC,Pacific Contiguous,RES,residential,21.11,14495.83095,cents per kilowatthour,million kilowatthours
2024-01,MI,Michigan,RES,residential,18.34,3116.87063,cents per kilowatthour,million kilowatthours
2024-01,MA,Massachusetts,RES,residential,28.34,1887.7355,cents per kilowatthour,million kilowatthours
2023-12,ENC,East North Central,RES,residential,15.95,15593.56189,cents per kilowatthour,million kilowatthours
2023-12,KS,Kansas,RES,residential,12.96,1041.64569,cents per kilowatthour,million kilowatthours
2023-12,IA,Iowa,RES,residential,11.88,1370.4964,cents per kilowatthour,million kilowatthours
2023-12,IN,Indiana,RES,residential,14.58,2746.70089,cents per kilowatthour,million kilowatthours
2023-12,IL,Illinois,RES,residential,14.98,3625.91653,cents per kilowatthour,million kilowatthours
2023-12,ID,Idaho,RES,residential,11.6,998.65564,cents per kilowatthour,million kilowatthours
2023-12,HI,Hawaii,RES,residential,41.6,240.42277,cents per kilowatthour,million kilowatthours
2023-12,NE,Nebraska,RES,residential,10.58,956.61627,cents per kilowatthour,million kilowatthours
2023-12,MT,Montana,RES,residential,12.61,582.39971,cents per kilowatthour,million kilowatthours
2023-12,MO,Missouri,RES,residential,11.52,2982.5336,cents per kilowatthour,million kilowatthours
2023-12,MS,Mississippi,RES,residential,13.25,1421.9767,cents per kilowatthour,million kilowatthours
2023-12,MN,Minnesota,RES,residential,13.94,2081.80681,cents per kilowatthour,million kilowatthours
2023-12,MI,Michigan,RES,residential,18.55,2850.61238,cents per kilowatthour,million kilowatthours
2023-12,MA,Massachusetts,RES,residential,28.85,1603.02596,cents per kilowatthour,million kilowatthours
2023-12,MD,Maryland,RES,residential,17.46,2433.70093,cents per kilowatthour,million kilowatthours
2023-12,ME,Maine,RES,residential,28.04,419.58667,cents per kilowatthour,million kilowatthours
2023-12,GA,Georgia,RES,residential,12.79,5062.69984,cents per kilowatthour,million kilowatthours
2023-12,FL,Florida,RES,residential,15.26,9011.0121,cents per kilowatthour,million kilowatthours
2023-12,DC,District of Columbia,RES,residential,17.75,187.07926,cents per kilowatthour,million kilowatthours
2023-12,DE,Delaware,RES,residential,16.32,428.31736,cents per kilowatthour,million kilowatthours
2023-12,LA,Louisiana,RES,residential,11.4,2217.97061,cents per kilowatthour,million kilowatthours
2023-12,KY,Kentucky,RES,residential,12.21,2257.6016,cents per kilowatthour,million kilowatthours
2023-12,MAT,Middle Atlantic,RES,residential,19.41,11513.21089,cents per kilowatthour,million kilowatthours
2023-12,NEW,New England,RES,residential,27.51,4054.41075,cents per kilowatthour,million kilowatthours
2023-12,WY,Wyoming,RES,residential,11.21,294.12113,cents per kilowatthour,million kilowatthours
2023-12,WI,Wisconsin,RES,residential,16.48,1987.50049,cents per kilowatthour,million kilowatthours
2023-12,WV,West Virginia,RES,residential,13.37,1114.99961,cents per kilowatthour,million kilowatthours
2023-12,WA,Washington,RES,residential,11,3970.38325,cents per kilowatthour,million kilowatthours
2023-12,VA,Virginia,RES,residential,13.61,4237.24476,cents per kilowatthour,million kilowatthours
2023-12,CT,Connecticut,RES,residential,26.86,1158.56311,cents per kilowatthour,million kilowatthours
2023-12,CO,Colorado,RES,residential,14.15,1739.45237,cents per kilowatthour,million kilowatthours
2023-12,CA,California,RES,residential,29.11,6554.61937,cents per kilowatthour,million kilowatthours
2023-12,AR,Arkansas,RES,residential,11.61,1498.6969,cents per kilowatthour,million kilowatthours
2023-12,AZ,Arizona,RES,residential,14.41,2403.65969,cents per kilowatthour,million kilowatthours
2023-12,AK,Alaska,RES,residential,24.7,211.10897,cents per kilowatthour,million kilowatthours
2023-12,AL,Alabama,RES,residential,14.13,2695.51377,cents per kilowatthour,million kilowatthours
2023-12,VT,Vermont,RES,residential,21.09,209.34637,cents per kilowatthour,million kilowatthours
2023-12,UT,Utah,RES,residential,10.86,937.12168,cents per kilowatthour,million kilowatthours
2023-12,TX,Texas,RES,residential,14.58,10743.56375,cents per kilowatthour,million kilowatthours
2023-12,TN,Tennessee,RES,residential,12.18,3502.20545,cents per kilowatthour,million kilowatthours
2023-12,SD,South Dakota,RES,residential,11.69,470.09274,cents per kilowatthour,million kilowatthours
2023-12,SC,South Carolina,RES,residential,13.61,2762.47753,cents per kilowatthour,million kilowatthours
2023-12,RI,Rhode Island,RES,residential,30.88,238.1583,cents per kilowatthour,million kilowatthours
2023-12,PA,Pennsylvania,RES,residential,17.53,4924.75363,cents per kilowatthour,million kilowatthours
2023-12,OR,Oregon,RES,residential,12.56,2006.71573,cents per kilowatthour,million kilowatthours
2023-12,OK,Oklahoma,RES,residential,10.99,1883.32974,cents per kilowatthour,million kilowatthours
2023-12,OH,Ohio,RES,residential,15.69,4382.83161,cents per kilowatthour,million kilowatthours
2023-12,ND,North Dakota,RES,residential,10.23,502.76437,cents per kilowatthour,million kilowatthours
2023-12,NC,North Carolina,RES,residential,13.22,5583.15607,cents per kilowatthour,million kilowatthours
2023-12,NY,New York,RES,residential,22.52,4300.17142,cents per kilowatthour,million kilowatthours
2023-12,NM,New Mexico,RES,residential,13.65,602.37844,cents per kilowatthour,million kilowatthours
2023-12,NJ,New Jersey,RES,residential,17.59,2288.28584,cents per kilowatthour,million kilowatthours
2023-12,NH,New Hampshire,RES,residential,24.98,425.73034,cents per kilowatthour,million kilowatthours
2023-12,NV,Nevada,RES,residential,15.55,902.75515,cents per kilowatthour,million kilowatthours
2023-12,US,U.S. Total,RES,residential,15.73,119052.47929,cents per kilowatthour,million kilowatthours
2023-12,PACN,Pacific Noncontiguous,RES,residential,33.7,451.53174,cents per kilowatthour,million kilowatthours
2023-12,PACC,Pacific Contiguous,RES,residential,20.72,12531.71835,cents per kilowatthour,million kilowatthours
2023-12,MTN,Mountain,RES,residential,13.46,8460.5438,cents per kilowatthour,million kilowatthours
2023-12,WSC,West South Central,RES,residential,13.46,16343.56099,cents per kilowatthour,million kilowatthours
2023-12,ESC,East South Central,RES,residential,12.87,9877.29752,cents per kilowatthour,million kilowatthours
2023-12,SAT,South Atlantic,RES,residential,14.24,30820.68747,cents per kilowatthour,million kilowatthours
2023-12,WNC,West North Central,RES,residential,12.11,9405.95587,cents per kilowatthour,million kilowatthours
2023-11,ESC,East South Central,RES,residential,13.53,7984.20296,cents per kilowatthour,million kilowatthours
2023-11,OH,Ohio,RES,residential,15.76,3701.46252,cents per kilowatthour,million kilowatthours
2023-11,ND,North Dakota,RES,residential,10.73,451.8545,cents per kilowatthour,million kilowatthours
2023-11,NC,North Carolina,RES,residential,13.63,4446.30857,cents per kilowatthour,million kilowatthours
2023-11,NY,New York,RES,residential,22.95,3614.03277,cents per kilowatthour,million kilowatthours
2023-11,NM,New Mexico,RES,residential,14.52,503.5874,cents per kilowatthour,million kilowatthours
2023-11,NJ,New Jersey,RES,residential,17.53,1953.21047,cents per kilowatthour,million kilowatthours
2023-11,NH,New Hampshire,RES,residential,25.85,349.36235,cents per kilowatthour,million kilowatthours
2023-11,NV,Nevada,RES,residential,17.11,805.15981,cents per kilowatthour,million kilowatthours
2023-11,NE,Nebraska,RES,residential,11.36,727.58273,cents per kilowatthour,million kilowatthours
2023-11,WA,Washington,RES,residential,11.08,3295.59543,cents per kilowatthour,million kilowatthours
2023-11,VA,Virginia,RES,residential,13.99,3426.23105,cents per kilowatthour,million kilowatthours
2023-11,VT,Vermont,RES,residential,21.57,182.4061,cents per kilowatthour,million kilowatthours
2023-11,UT,Utah,RES,residential,11.03,794.93578,cents per kilowatthour,million kilowatthours
2023-11,TX,Texas,RES,residential,14.6,10014.84718,cents per kilowatthour,million kilowatthours
2023-11,TN,Tennessee,RES,residential,12.68,2790.22489,cents per kilowatthour,million kilowatthours
2023-11,SD,South Dakota,RES,residential,12.12,393.64546,cents per kilowatthour,million kilowatthours
2023-11,SC,South Carolina,RES,residential,14.11,2188.80349,cents per kilowatthour,million kilowatthours
2023-11,RI,Rhode Island,RES,residential,31.23,221.77587,cents per kilowatthour,million kilowatthours
2023-11,PA,Pennsylvania,RES,residential,18.12,4066.58407,cents per kilowatthour,million kilowatthours
2023-11,OR,Oregon,RES,residential,12.94,1718.21498,cents per kilowatthour,million kilowatthours
2023-11,OK,Oklahoma,RES,residential,12.08,1493.51245,cents per kilowatthour,million kilowatthours
2023-11,MT,Montana,RES,residential,12.61,461.29639,cents per kilowatthour,million kilowatthours
2023-11,MO,Missouri,RES,residential,12.19,2436.37095,cents per kilowatthour,million kilowatthours
2023-11,MS,Mississippi,RES,residential,13.65,1206.1899,cents per kilowatthour,million kilowatthours
2023-11,MN,Minnesota,RES,residential,14.36,1743.45618,cents per kilowatthour,million kilowatthours
2023-11,MI,Michigan,RES,residential,18.44,2532.0114,cents per kilowatthour,million kilowatthours
2023-11,MA,Massachusetts,RES,residential,28.31,1401.89595,cents per kilowatthour,million kilowatthours
2023-11,SAT,South Atlantic,RES,residential,14.62,26622.44773,cents per kilowatthour,million kilowatthours
2023-11,WNC,West North Central,RES,residential,12.72,7697.18448,cents per kilowatthour,million kilowatthours
2023-11,ENC,East North Central,RES,residential,16.2,13450.00712,cents per kilowatthour,million kilowatthours
2023-11,MAT,Middle Atlantic,RES,residential,19.81,9633.82731,cents per kilowatthour,million kilowatthours
2023-11,NEW,New England,RES,residential,27.55,3521.47541,cents per kilowatthour,million kilowatthours
2023-11,WY,Wyoming,RES,residential,11.56,237.80279,cents per kilowatthour,million kilowatthours
2023-11,WI,Wisconsin,RES,residential,16.75,1687.54373,cents per kilowatthour,million kilowatthours
2023-11,WV,West Virginia,RES,residential,14.44,851.36127,cents per kilowatthour,million kilowatthours
2023-11,CT,Connecticut,RES,residential,26.95,974.16994,cents per kilowatthour,million kilowatthours
2023-11,CO,Colorado,RES,residential,14.61,1413.49032,cents per kilowatthour,million kilowatthours
2023-11,CA,California,RES,residential,29.41,6224.357,cents per kilowatthour,million kilowatthours
2023-11,AR,Arkansas,RES,residential,12.11,1210.23514,cents per kilowatthour,million kilowatthours
2023-11,AZ,Arizona,RES,residential,14.53,2105.80603,cents per kilowatthour,million kilowatthours
2023-11,AK,Alaska,RES,residential,24.08,180.01457,cents per kilowatthour,million kilowatthours
2023-11,AL,Alabama,RES,residential,14.89,2169.82616,cents per kilowatthour,million kilowatthours
2023-11,MD,Maryland,RES,residential,17.38,2033.88741,cents per kilowatthour,million kilowatthours
2023-11,ME,Maine,RES,residential,28.51,391.86519,cents per kilowatthour,million kilowatthours
2023-11,LA,Louisiana,RES,residential,11.37,2013.56225,cents per kilowatthour,million kilowatthours
2023-11,KY,Kentucky,RES,residential,13.13,1817.96201,cents per kilowatthour,million kilowatthours
2023-11,KS,Kansas,RES,residential,13.26,909.37212,cents per kilowatthour,million kilowatthours
2023-11,IA,Iowa,RES,residential,12.81,1034.90254,cents per kilowatthour,million kilowatthours
2023-11,IN,Indiana,RES,residential,14.64,2389.55689,cents per kilowatthour,million kilowatthours
2023-11,IL,Illinois,RES,residential,15.79,3139.43259,cents per kilowatthour,million kilowatthours
2023-11,ID,Idaho,RES,residential,11.55,813.30759,cents per kilowatthour,million kilowatthours
2023-11,HI,Hawaii,RES,residential,43.53,232.65211,cents per kilowatthour,million kilowatthours
2023-11,GA,Georgia,RES,residential,13.18,4142.59254,cents per kilowatthour,million kilowatthours
2023-11,FL,Florida,RES,residential,15.38,9061.47414,cents per kilowatthour,million kilowatthours
2023-11,DC,District of Columbia,RES,residential,16.93,162.46962,cents per kilowatthour,million kilowatthours
2023-11,DE,Delaware,RES,residential,17.23,309.31964,cents per kilowatthour,million kilowatthours
2023-11,US,U.S. Total,RES,residential,16.19,102427.52221,cents per kilowatthour,million kilowatthours
2023-11,PACN,Pacific Noncontiguous,RES,residential,35.04,412.66668,cents per kilowatthour,million kilowatthours
2023-11,PACC,Pacific Contiguous,RES,residential,21.52,11238.16741,cents per kilowatthour,million kilowatthours
2023-11,MTN,Mountain,RES,residential,13.89,7135.38611,cents per kilowatthour,million kilowatthours
2023-11,WSC,West South Central,RES,residential,13.69,14732.15702,cents per kilowatthour,million kilowatthours
2023-10,PACC,Pacific Contiguous,RES,residential,20.83,10065.31014,cents per kilowatthour,million kilowatthours
2023-10,OK,Oklahoma,RES,residential,13.27,1603.84742,cents per kilowatthour,million kilowatthours
2023-10,CO,Colorado,RES,residential,14.54,1449.19026,cents per kilowatthour,million kilowatthours
2023-10,CA,California,RES,residential,26.73,6037.123,cents per kilowatthour,million kilowatthours
2023-10,AR,Arkansas,RES,residential,12.71,1306.09624,cents per kilowatthour,million kilowatthours
2023-10,AZ,Arizona,RES,residential,14.52,2979.15832,cents per kilowatthour,million kilowatthours
2023-10,AK,Alaska,RES,residential,23.98,160.71812,cents per kilowatthour,million kilowatthours
2023-10,AL,Alabama,RES,residential,15.02,2153.5247,cents per kilowatthour,million kilowatthours
2023-10,OR,Oregon,RES,residential,13.24,1382.74002,cents per kilowatthour,million kilowatthours
2023-10,FL,Florida,RES,residential,15.48,11089.94654,cents per kilowatthour,million kilowatthours
2023-10,DC,District of Columbia,RES,residential,17.93,159.78302,cents per kilowatthour,million kilowatthours
2023-10,DE,Delaware,RES,residential,17.45,324.52889,cents per kilowatthour,million kilowatthours
2023-10,CT,Connecticut,RES,residential,28.98,835.891,cents per kilowatthour,million kilowatthours
2023-10,MTN,Mountain,RES,residential,13.9,7754.98068,cents per kilowatthour,million kilowatthours
2023-10,WSC,West South Central,RES,residential,14.05,18453.7429,cents per kilowatthour,million kilowatthours
2023-10,ESC,East South Central,RES,residential,13.5,8179.63499,cents per kilowatthour,million kilowatthours
2023-10,SAT,South Atlantic,RES,residential,15.11,26791.30771,cents per kilowatthour,million kilowatthours
2023-10,WNC,West North Central,RES,residential,13.29,7140.82627,cents per kilowatthour,million kilowatthours
2023-10,ENC,East North Central,RES,residential,16.55,12654.96829,cents per kilowatthour,million kilowatthours
2023-10,MAT,Middle Atlantic,RES,residential,19.71,9069.14492,cents per kilowatthour,million kilowatthours
2023-10,NEW,New England,RES,residential,28.16,3257.52324,cents per kilowatthour,million kilowatthours
2023-10,WY,Wyoming,RES,residential,12.47,197.34496,cents per kilowatthour,million kilowatthours
2023-10,WI,Wisconsin,RES,residential,17.05,1591.77899,cents per kilowatthour,million kilowatthours
2023-10,WV,West Virginia,RES,residential,15.07,658.11956,cents per kilowatthour,million kilowatthours
2023-10,OH,Ohio,RES,residential,16.03,3503.24398,cents per kilowatthour,million kilowatthours
2023-10,ND,North Dakota,RES,residential,11.66,340.21099,cents per kilowatthour,million kilowatthours
2023-10,NC,North Carolina,RES,residential,14.75,3872.72976,cents per kilowatthour,million kilowatthours
2023-10,NY,New York,RES,residential,22.06,3656.21194,cents per kilowatthour,million kilowatthours
2023-10,NM,New Mexico,RES,residential,14.5,511.31765,cents per kilowatthour,million kilowatthours
2023-10,NJ,New Jersey,RES,residential,17.5,1878.70741,cents per kilowatthour,million kilowatthours
2023-10,NH,New Hampshire,RES,residential,25.77,317.51615,cents per kilowatthour,million kilowatthours
2023-10,WA,Washington,RES,residential,11.34,2645.44713,cents per kilowatthour,million kilowatthours
2023-10,VA,Virginia,RES,residential,14.27,2836.65108,cents per kilowatthour,million kilowatthours
2023-10,VT,Vermont,RES,residential,22.11,158.58517,cents per kilowatthour,million kilowatthours
2023-10,UT,Utah,RES,residential,11.22,746.83283,cents per kilowatthour,million kilowatthours
2023-10,TX,Texas,RES,residential,14.69,13069.21306,cents per kilowatthour,million kilowatthours
2023-10,TN,Tennessee,RES,residential,12.57,2911.61563,cents per kilowatthour,million kilowatthours
2023-10,SD,South Dakota,RES,residential,12.99,342.63461,cents per kilowatthour,million kilowatthours
2023-10,SC,South Carolina,RES,residential,14.47,2096.50548,cents per kilowatthour,million kilowatthours
2023-10,RI,Rhode Island,RES,residential,31.74,218.6917,cents per kilowatthour,million kilowatthours
2023-10,PA,Pennsylvania,RES,residential,18.44,3534.22557,cents per kilowatthour,million kilowatthours
2023-10,NV,Nevada,RES,residential,14.63,887.10736,cents per kilowatthour,million kilowatthours
2023-10,NE,Nebraska,RES,residential,11.77,690.63396,cents per kilowatthour,million kilowatthours
2023-10,MT,Montana,RES,residential,12.96,365.9779,cents per kilowatthour,million kilowatthours
2023-10,MO,Missouri,RES,residential,12.41,2267.82575,cents per kilowatthour,million kilowatthours
2023-10,MS,Mississippi,RES,residential,13.67,1430.79372,cents per kilowatthour,million kilowatthours
2023-10,MN,Minnesota,RES,residential,15.29,1601.03597,cents per kilowatthour,million kilowatthours
2023-10,MI,Michigan,RES,residential,19.06,2389.05485,cents per kilowatthour,million kilowatthours
2023-10,MA,Massachusetts,RES,residential,28.09,1380.8758,cents per kilowatthour,million kilowatthours
2023-10,MD,Maryland,RES,residential,18.4,1657.8698,cents per kilowatthour,million kilowatthours
2023-10,ME,Maine,RES,residential,29.12,345.96341,cents per kilowatthour,million kilowatthours
2023-10,LA,Louisiana,RES,residential,11.92,2474.58617,cents per kilowatthour,million kilowatthours
2023-10,KY,Kentucky,RES,residential,12.99,1683.70094,cents per kilowatthour,million kilowatthours
2023-10,KS,Kansas,RES,residential,13.72,924.09546,cents per kilowatthour,million kilowatthours
2023-10,IA,Iowa,RES,residential,13.37,974.38953,cents per kilowatthour,million kilowatthours
2023-10,IN,Indiana,RES,residential,15.17,2183.08614,cents per kilowatthour,million kilowatthours
2023-10,IL,Illinois,RES,residential,15.88,2987.80432,cents per kilowatthour,million kilowatthours
2023-10,ID,Idaho,RES,residential,12.15,618.05141,cents per kilowatthour,million kilowatthours
2023-10,HI,Hawaii,RES,residential,42.68,239.29311,cents per kilowatthour,million kilowatthours
2023-10,GA,Georgia,RES,residential,13.75,4095.17358,cents per kilowatthour,million kilowatthours
2023-10,US,U.S. Total,RES,residential,16.2,103767.45036,cents per kilowatthour,million kilowatthours
2023-10,PACN,Pacific Noncontiguous,RES,residential,35.17,400.01123,cents per kilowatthour,million kilowatthours
2023-09,MN,Minnesota,RES,residential,15.29,1794.40404,cents per kilowatthour,million kilowatthours
2023-09,FL,Florida,RES,residential,15.51,13777.1505,cents per kilowatthour,million kilowatthours
2023-09,DC,District of Columbia,RES,residential,16.23,267.54197,cents per kilowatthour,million kilowatthours
2023-09,DE,Delaware,RES,residential,15.83,479.38382,cents per kilowatthour,million kilowatthours
2023-09,ME,Maine,RES,residential,26.85,401.10472,cents per kilowatthour,million kilowatthours
2023-09,LA,Louisiana,RES,residential,11.39,3608.40701,cents per kilowatthour,million kilowatthours
2023-09,KY,Kentucky,RES,residential,12.43,2126.25874,cents per kilowatthour,million kilowatthours
2023-09,KS,Kansas,RES,residential,13.46,1362.21342,cents per kilowatthour,million kilowatthours
2023-09,IA,Iowa,RES,residential,14.03,1158.13161,cents per kilowatthour,million kilowatthours
2023-09,CT,Connecticut,RES,residential,29.28,1048.7646,cents per kilowatthour,million kilowatthours
2023-09,CO,Colorado,RES,residential,15.03,1733.05939,cents per kilowatthour,million kilowatthours
2023-09,CA,California,RES,residential,29.99,7923.89607,cents per kilowatthour,million kilowatthours
2023-09,AR,Arkansas,RES,residential,12.67,1878.41122,cents per kilowatthour,million kilowatthours
2023-09,AZ,Arizona,RES,residential,14.39,3878.04506,cents per kilowatthour,million kilowatthours
2023-09,AK,Alaska,RES,residential,24.5,144.22655,cents per kilowatthour,million kilowatthours
2023-09,AL,Alabama,RES,residential,14.83,3067.36023,cents per kilowatthour,million kilowatthours
2023-09,IN,Indiana,RES,residential,14.1,2678.8317,cents per kilowatthour,million kilowatthours
2023-09,IL,Illinois,RES,residential,14.84,3656.49966,cents per kilowatthour,million kilowatthours
2023-09,ID,Idaho,RES,residential,11.6,610.51022,cents per kilowatthour,million kilowatthours
2023-09,HI,Hawaii,RES,residential,41.52,226.76456,cents per kilowatthour,million kilowatthours
2023-09,GA,Georgia,RES,residential,14.01,5598.22637,cents per kilowatthour,million kilowatthours
2023-09,SAT,South Atlantic,RES,residential,14.98,34660.39669,cents per kilowatthour,million kilowatthours
2023-09,WNC,West North Central,RES,residential,14.01,8887.32835,cents per kilowatthour,million kilowatthours
2023-09,ENC,East North Central,RES,residential,16.02,14672.91768,cents per kilowatthour,million kilowatthours
2023-09,MAT,Middle Atlantic,RES,residential,20.15,11527.60453,cents per kilowatthour,million kilowatthours
2023-09,NEW,New England,RES,residential,27.44,4063.08458,cents per kilowatthour,million kilowatthours
2023-09,WY,Wyoming,RES,residential,12.64,183.94514,cents per kilowatthour,million kilowatthours
2023-09,WI,Wisconsin,RES,residential,17.32,1728.50363,cents per kilowatthour,million kilowatthours
2023-09,WV,West Virginia,RES,residential,14.38,706.72806,cents per kilowatthour,million kilowatthours
2023-09,WA,Washington,RES,residential,11.38,2386.98612,cents per kilowatthour,million kilowatthours
2023-09,VA,Virginia,RES,residential,14.79,3579.6868,cents per kilowatthour,million kilowatthours
2023-09,MD,Maryland,RES,residential,16.96,2215.58311,cents per kilowatthour,million kilowatthours
2023-09,UT,Utah,RES,residential,11.85,906.81593,cents per kilowatthour,million kilowatthours
2023-09,TX,Texas,RES,residential,14.55,18808.84972,cents per kilowatthour,million kilowatthours
2023-09,TN,Tennessee,RES,residential,11.85,4065.45825,cents per kilowatthour,million kilowatthours
2023-09,SD,South Dakota,RES,residential,13.05,395.06169,cents per kilowatthour,million kilowatthours
2023-09,SC,South Carolina,RES,residential,14.52,2862.0465,cents per kilowatthour,million kilowatthours
2023-09,RI,Rhode Island,RES,residential,26.9,291.76345,cents per kilowatthour,million kilowatthours
2023-09,PA,Pennsylvania,RES,residential,18.02,4305.99372,cents per kilowatthour,million kilowatthours
2023-09,OR,Oregon,RES,residential,13.13,1282.95714,cents per kilowatthour,million kilowatthours
2023-09,OK,Oklahoma,RES,residential,13.25,2332.53841,cents per kilowatthour,million kilowatthours
2023-09,OH,Ohio,RES,residential,15.7,4060.87905,cents per kilowatthour,million kilowatthours
2023-09,ND,North Dakota,RES,residential,12.77,310.17074,cents per kilowatthour,million kilowatthours
2023-09,NC,North Carolina,RES,residential,14.09,5174.04957,cents per kilowatthour,million kilowatthours
2023-09,ESC,East South Central,RES,residential,12.99,11352.3874,cents per kilowatthour,million kilowatthours
2023-09,US,U.S. Total,RES,residential,16.29,133320.40209,cents per kilowatthour,million kilowatthours
2023-09,PACN,Pacific Noncontiguous,RES,residential,34.91,370.99111,cents per kilowatthour,million kilowatthours
2023-09,PACC,Pacific Contiguous,RES,residential,24.29,11593.83933,cents per kilowatthour,million kilowatthours
2023-09,MTN,Mountain,RES,residential,14.39,9563.64607,cents per kilowatthour,million kilowatthours
2023-09,WSC,West South Central,RES,residential,13.87,26628.20637,cents per kilowatthour,million kilowatthours
2023-09,NY,New York,RES,residential,23.33,4629.23183,cents per kilowatthour,million kilowatthours
2023-09,NM,New Mexico,RES,residential,15.25,650.93051,cents per kilowatthour,million kilowatthours
2023-09,NJ,New Jersey,RES,residential,18.01,2592.37898,cents per kilowatthour,million kilowatthours
2023-09,NH,New Hampshire,RES,residential,23.31,386.73603,cents per kilowatthour,million kilowatthours
2023-09,NV,Nevada,RES,residential,16.94,1215.0378,cents per kilowatthour,million kilowatthours
2023-09,VT,Vermont,RES,residential,21.21,166.75222,cents per kilowatthour,million kilowatthours
2023-09,MI,Michigan,RES,residential,19.35,2548.20363,cents per kilowatthour,million kilowatthours
2023-09,MA,Massachusetts,RES,residential,28.07,1767.96356,cents per kilowatthour,million kilowatthours
2023-09,MS,Mississippi,RES,residential,13.05,2093.31018,cents per kilowatthour,million kilowatthours
2023-09,MO,Missouri,RES,residential,14.23,2993.31082,cents per kilowatthour,million kilowatthours
2023-09,MT,Montana,RES,residential,13.18,385.30203,cents per kilowatthour,million kilowatthours
2023-09,NE,Nebraska,RES,residential,12.4,874.03602,cents per kilowatthour,million kilowatthours
2023-08,NE,Nebraska,RES,residential,12.26,1042.47962,cents per kilowatthour,million kilowatthours
2023-08,MAT,Middle Atlantic,RES,residential,19.76,13738.13297,cents per kilowatthour,million kilowatthours
2023-08,NEW,New England,RES,residential,27.16,4671.97763,cents per kilowatthour,million kilowatthours
2023-08,WY,Wyoming,RES,residential,12.44,216.85592,cents per kilowatthour,million kilowatthours
2023-08,WI,Wisconsin,RES,residential,17.1,2205.53465,cents per kilowatthour,million kilowatthours
2023-08,WV,West Virginia,RES,residential,14.23,917.67053,cents per kilowatthour,million kilowatthours
2023-08,WA,Washington,RES,residential,11.14,2840.54994,cents per kilowatthour,million kilowatthours
2023-08,VA,Virginia,RES,residential,13.95,4683.15165,cents per kilowatthour,million kilowatthours
2023-08,IA,Iowa,RES,residential,15.06,1472.57009,cents per kilowatthour,million kilowatthours
2023-08,IN,Indiana,RES,residential,14.15,3282.7194,cents per kilowatthour,million kilowatthours
2023-08,IL,Illinois,RES,residential,13.94,4840.32058,cents per kilowatthour,million kilowatthours
2023-08,ID,Idaho,RES,residential,11.63,818.61419,cents per kilowatthour,million kilowatthours
2023-08,HI,Hawaii,RES,residential,39.17,243.6996,cents per kilowatthour,million kilowatthours
2023-08,GA,Georgia,RES,residential,14.14,7066.40531,cents per kilowatthour,million kilowatthours
2023-08,FL,Florida,RES,residential,14.93,15450.62438,cents per kilowatthour,million kilowatthours
2023-08,DC,District of Columbia,RES,residential,16.4,242.12286,cents per kilowatthour,million kilowatthours
2023-08,DE,Delaware,RES,residential,15.66,536.04195,cents per kilowatthour,million kilowatthours
2023-08,MT,Montana,RES,residential,12.96,481.27271,cents per kilowatthour,million kilowatthours
2023-08,MO,Missouri,RES,residential,14.43,3716.84184,cents per kilowatthour,million kilowatthours
2023-08,MS,Mississippi,RES,residential,12.9,2347.8311,cents per kilowatthour,million kilowatthours
2023-08,MN,Minnesota,RES,residential,15.46,2266.4553,cents per kilowatthour,million kilowatthours
2023-08,MI,Michigan,RES,residential,19.44,3068.81985,cents per kilowatthour,million kilowatthours
2023-08,MA,Massachusetts,RES,residential,27.83,2036.65064,cents per kilowatthour,million kilowatthours
2023-08,MD,Maryland,RES,residential,16.35,2642.54595,cents per kilowatthour,million kilowatthours
2023-08,ME,Maine,RES,residential,25.43,445.78198,cents per kilowatthour,million kilowatthours
2023-08,LA,Louisiana,RES,residential,11.04,4063.58394,cents per kilowatthour,million kilowatthours
2023-08,KY,Kentucky,RES,residential,12.16,2639.92571,cents per kilowatthour,million kilowatthours
2023-08,KS,Kansas,RES,residential,13.57,1727.78949,cents per kilowatthour,million kilowatthours
2023-08,ND,North Dakota,RES,residential,12.5,368.08272,cents per kilowatthour,million kilowatthours
2023-08,RI,Rhode Island,RES,residential,27.58,316.66188,cents per kilowatthour,million kilowatthours
2023-08,PA,Pennsylvania,RES,residential,17.88,5102.88544,cents per kilowatthour,million kilowatthours
2023-08,OR,Oregon,RES,residential,12.97,1699.0894,cents per kilowatthour,million kilowatthours
2023-08,OK,Oklahoma,RES,residential,13.29,2935.23834,cents per kilowatthour,million kilowatthours
2023-08,OH,Ohio,RES,residential,15.74,5022.78168,cents per kilowatthour,million kilowatthours
2023-08,CT,Connecticut,RES,residential,27.89,1254.2775,cents per kilowatthour,million kilowatthours
2023-08,CO,Colorado,RES,residential,14.43,2283.88532,cents per kilowatthour,million kilowatthours
2023-08,CA,California,RES,residential,29.84,9858.21971,cents per kilowatthour,million kilowatthours
2023-08,AR,Arkansas,RES,residential,12.45,2195.24807,cents per kilowatthour,million kilowatthours
2023-08,AZ,Arizona,RES,residential,13.82,5281.54649,cents per kilowatthour,million kilowatthours
2023-08,AK,Alaska,RES,residential,25.07,146.59448,cents per kilowatthour,million kilowatthours
2023-08,AL,Alabama,RES,residential,14.14,3773.72627,cents per kilowatthour,million kilowatthours
2023-08,US,U.S. Total,RES,residential,15.93,162030.76588,cents per kilowatthour,million kilowatthours
2023-08,PACN,Pacific Noncontiguous,RES,residential,33.87,390.29408,cents per kilowatthour,million kilowatthours
2023-08,PACC,Pacific Contiguous,RES,residential,24.16,14397.85905,cents per kilowatthour,million kilowatthours
2023-08,MTN,Mountain,RES,residential,13.94,12933.54916,cents per kilowatthour,million kilowatthours
2023-08,WSC,West South Central,RES,residential,13.45,31374.5582,cents per kilowatthour,million kilowatthours
2023-08,ESC,East South Central,RES,residential,12.8,13255.69515,cents per kilowatthour,million kilowatthours
2023-08,SAT,South Atlantic,RES,residential,14.38,41791.03031,cents per kilowatthour,million kilowatthours
2023-08,WNC,West North Central,RES,residential,14.26,11057.49316,cents per kilowatthour,million kilowatthours
2023-08,ENC,East North Central,RES,residential,15.76,18420.17616,cents per kilowatthour,million kilowatthours
2023-08,VT,Vermont,RES,residential,20.45,180.20515,cents per kilowatthour,million kilowatthours
2023-08,UT,Utah,RES,residential,11.67,1262.37331,cents per kilowatthour,million kilowatthours
2023-08,TX,Texas,RES,residential,14.01,22180.48784,cents per kilowatthour,million kilowatthours
2023-08,TN,Tennessee,RES,residential,11.99,4494.21208,cents per kilowatthour,million kilowatthours
2023-08,SD,South Dakota,RES,residential,12.99,463.27411,cents per kilowatthour,million kilowatthours
2023-08,SC,South Carolina,RES,residential,13.82,3745.06769,cents per kilowatthour,million kilowatthours
2023-08,NV,Nevada,RES,residential,16.47,1739.97836,cents per kilowatthour,million kilowatthours
2023-08,NH,New Hampshire,RES,residential,26.18,438.40049,cents per kilowatthour,million kilowatthours
2023-08,NJ,New Jersey,RES,residential,18.5,3278.33092,cents per kilowatthour,million kilowatthours
2023-08,NM,New Mexico,RES,residential,14.71,849.02287,cents per kilowatthour,million kilowatthours
2023-08,NY,New York,RES,residential,22.33,5356.91661,cents per kilowatthour,million kilowatthours
2023-08,NC,North Carolina,RES,residential,13.04,6507.4,cents per kilowatthour,million kilowatthours
2023-07,IN,Indiana,RES,residential,14.48,3337.06581,cents per kilowatthour,million kilowatthours
2023-07,US,U.S. Total,RES,residential,15.89,160085.137,cents per kilowatthour,million kilowatthours
2023-07,MAT,Middle Atlantic,RES,residential,19.73,14872.73072,cents per kilowatthour,million kilowatthours
2023-07,NEW,New England,RES,residential,26.97,4989.06061,cents per kilowatthour,million kilowatthours
2023-07,WY,Wyoming,RES,residential,12.41,217.62561,cents per kilowatthour,million kilowatthours
2023-07,WI,Wisconsin,RES,residential,16.94,2254.82716,cents per kilowatthour,million kilowatthours
2023-07,WV,West Virginia,RES,residential,14.1,932.31918,cents per kilowatthour,million kilowatthours
2023-07,WA,Washington,RES,residential,11.16,2704.19013,cents per kilowatthour,million kilowatthours
2023-07,VA,Virginia,RES,residential,13.97,4470.18,cents per kilowatthour,million kilowatthours
2023-07,VT,Vermont,RES,residential,20.44,203.81391,cents per kilowatthour,million kilowatthours
2023-07,UT,Utah,RES,residential,11.73,1391.04652,cents per kilowatthour,million kilowatthours
2023-07,TX,Texas,RES,residential,13.8,20218.44032,cents per kilowatthour,million kilowatthours
2023-07,TN,Tennessee,RES,residential,12.31,4206.65552,cents per kilowatthour,million kilowatthours
2023-07,SD,South Dakota,RES,residential,13.23,414.26487,cents per kilowatthour,million kilowatthours
2023-07,SC,South Carolina,RES,residential,13.61,3744.81024,cents per kilowatthour,million kilowatthours
2023-07,RI,Rhode Island,RES,residential,25.79,370.43929,cents per kilowatthour,million kilowatthours
2023-07,PA,Pennsylvania,RES,residential,17.94,5327.86595,cents per kilowatthour,million kilowatthours
2023-07,PACN,Pacific Noncontiguous,RES,residential,34.27,375.51112,cents per kilowatthour,million kilowatthours
2023-07,PACC,Pacific Contiguous,RES,residential,23.34,12698.66275,cents per kilowatthour,million kilowatthours
2023-07,OR,Oregon,RES,residential,13.12,1685.66374,cents per kilowatthour,million kilowatthours
2023-07,OK,Oklahoma,RES,residential,12.46,2935.36012,cents per kilowatthour,million kilowatthours
2023-07,OH,Ohio,RES,residential,15.85,5251.40772,cents per kilowatthour,million kilowatthours
2023-07,MTN,Mountain,RES,residential,14.05,13899.38303,cents per kilowatthour,million kilowatthours
2023-07,WSC,West South Central,RES,residential,13.24,28933.72528,cents per kilowatthour,million kilowatthours
2023-07,ESC,East South Central,RES,residential,13.05,12651.29756,cents per kilowatthour,million kilowatthours
2023-07,SAT,South Atlantic,RES,residential,14.33,41431.37933,cents per kilowatthour,million kilowatthours
2023-07,WNC,West North Central,RES,residential,14.37,10840.54317,cents per kilowatthour,million kilowatthours
2023-07,ENC,East North Central,RES,residential,16.13,19392.84344,cents per kilowatthour,million kilowatthours
2023-07,IL,Illinois,RES,residential,14.93,5017.69174,cents per kilowatthour,million kilowatthours
2023-07,ID,Idaho,RES,residential,11.82,904.3769,cents per kilowatthour,million kilowatthours
2023-07,HI,Hawaii,RES,residential,39.98,233.41861,cents per kilowatthour,million kilowatthours
2023-07,GA,Georgia,RES,residential,14.35,7045.55794,cents per kilowatthour,million kilowatthours
2023-07,FL,Florida,RES,residential,14.97,14861.79828,cents per kilowatthour,million kilowatthours
2023-07,DC,District of Columbia,RES,residential,16.55,250.23936,cents per kilowatthour,million kilowatthours
2023-07,DE,Delaware,RES,residential,15.1,526.01665,cents per kilowatthour,million kilowatthours
2023-07,CT,Connecticut,RES,residential,26.63,1517.12275,cents per kilowatthour,million kilowatthours
2023-07,CO,Colorado,RES,residential,14.16,2137.76101,cents per kilowatthour,million kilowatthours
2023-07,CA,California,RES,residential,29.38,8308.80889,cents per kilowatthour,million kilowatthours
2023-07,AR,Arkansas,RES,residential,12.51,2005.60358,cents per kilowatthour,million kilowatthours
2023-07,AZ,Arizona,RES,residential,14.12,5786.96033,cents per kilowatthour,million kilowatthours
2023-07,AK,Alaska,RES,residential,24.88,142.09251,cents per kilowatthour,million kilowatthours
2023-07,AL,Alabama,RES,residential,14.43,3623.5071,cents per kilowatthour,million kilowatthours
2023-07,ND,North Dakota,RES,residential,12.57,348.58761,cents per kilowatthour,million kilowatthours
2023-07,NC,North Carolina,RES,residential,12.7,6712.56659,cents per kilowatthour,million kilowatthours
2023-07,NY,New York,RES,residential,22.33,5575.63888,cents per kilowatthour,million kilowatthours
2023-07,NM,New Mexico,RES,residential,14.69,886.11152,cents per kilowatthour,million kilowatthours
2023-07,NJ,New Jersey,RES,residential,18.47,3969.22588,cents per kilowatthour,million kilowatthours
2023-07,NH,New Hampshire,RES,residential,29.26,477.05414,cents per kilowatthour,million kilowatthours
2023-07,NV,Nevada,RES,residential,16.32,2153.32859,cents per kilowatthour,million kilowatthours
2023-07,NE,Nebraska,RES,residential,12.43,1018.00709,cents per kilowatthour,million kilowatthours
2023-07,MT,Montana,RES,residential,13.1,422.17256,cents per kilowatthour,million kilowatthours
2023-07,MO,Missouri,RES,residential,14.63,3824.79751,cents per kilowatthour,million kilowatthours
2023-07,MS,Mississippi,RES,residential,13.02,2145.08252,cents per kilowatthour,million kilowatthours
2023-07,MN,Minnesota,RES,residential,15.45,2113.46317,cents per kilowatthour,million kilowatthours
2023-07,MI,Michigan,RES,residential,19.32,3531.85101,cents per kilowatthour,million kilowatthours
2023-07,MA,Massachusetts,RES,residential,27.39,2009.00162,cents per kilowatthour,million kilowatthours
2023-07,MD,Maryland,RES,residential,16.03,2887.89109,cents per kilowatthour,million kilowatthours
2023-07,ME,Maine,RES,residential,27.79,411.6289,cents per kilowatthour,million kilowatthours
2023-07,LA,Louisiana,RES,residential,11.23,3774.32125,cents per kilowatthour,million kilowatthours
2023-07,KY,Kentucky,RES,residential,12.37,2676.05241,cents per kilowatthour,million kilowatthours
2023-07,KS,Kansas,RES,residential,13.7,1686.82437,cents per kilowatthour,million kilowatthours
2023-07,IA,Iowa,RES,residential,15.07,1434.59855,cents per kilowatthour,million kilowatthours
2023-06,SC,South Carolina,RES,residential,14.17,2658.42116,cents per kilowatthour,million kilowatthours
2023-06,DE,Delaware,RES,residential,16,385.08821,cents per kilowatthour,million kilowatthours
2023-06,CT,Connecticut,RES,residential,31.82,921.4455,cents per kilowatthour,million kilowatthours
2023-06,CO,Colorado,RES,residential,14.67,1553.20828,cents per kilowatthour,million kilowatthours
2023-06,CA,California,RES,residential,31.25,5972.44815,cents per kilowatthour,million kilowatthours
2023-06,AR,Arkansas,RES,residential,12.44,1546.95717,cents per kilowatthour,million kilowatthours
2023-06,AZ,Arizona,RES,residential,14.28,3651.0965,cents per kilowatthour,million kilowatthours
2023-06,AK,Alaska,RES,residential,24.72,138.98528,cents per kilowatthour,million kilowatthours
2023-06,AL,Alabama,RES,residential,14.63,2874.05796,cents per kilowatthour,million kilowatthours
2023-06,NY,New York,RES,residential,21.71,3855.22953,cents per kilowatthour,million kilowatthours
2023-06,NM,New Mexico,RES,residential,13.89,622.09173,cents per kilowatthour,million kilowatthours
2023-06,NJ,New Jersey,RES,residential,18.23,2555.33971,cents per kilowatthour,million kilowatthours
2023-06,NH,New Hampshire,RES,residential,29.78,341.19857,cents per kilowatthour,million kilowatthours
2023-06,NV,Nevada,RES,residential,17.39,1222.16745,cents per kilowatthour,million kilowatthours
2023-06,NE,Nebraska,RES,residential,12.06,893.19659,cents per kilowatthour,million kilowatthours
2023-06,MT,Montana,RES,residential,13.19,358.28027,cents per kilowatthour,million kilowatthours
2023-06,MO,Missouri,RES,residential,14.28,3108.99616,cents per kilowatthour,million kilowatthours
2023-06,MS,Mississippi,RES,residential,13.46,1687.56743,cents per kilowatthour,million kilowatthours
2023-06,MN,Minnesota,RES,residential,15.54,2037.69922,cents per kilowatthour,million kilowatthours
2023-06,MI,Michigan,RES,residential,19.26,2790.86393,cents per kilowatthour,million kilowatthours
2023-06,MA,Massachusetts,RES,residential,27.18,1447.27104,cents per kilowatthour,million kilowatthours
2023-06,MD,Maryland,RES,residential,16.99,1969.06761,cents per kilowatthour,million kilowatthours
2023-06,ME,Maine,RES,residential,27.61,339.91432,cents per kilowatthour,million kilowatthours
2023-06,LA,Louisiana,RES,residential,11.23,2953.89222,cents per kilowatthour,million kilowatthours
2023-06,KY,Kentucky,RES,residential,12.49,2002.53133,cents per kilowatthour,million kilowatthours
2023-06,KS,Kansas,RES,residential,13.54,1356.78271,cents per kilowatthour,million kilowatthours
2023-06,IA,Iowa,RES,residential,15,1268.27092,cents per kilowatthour,million kilowatthours
2023-06,IN,Indiana,RES,residential,14.67,2591.89064,cents per kilowatthour,million kilowatthours
2023-06,IL,Illinois,RES,residential,15.17,3956.2235,cents per kilowatthour,million kilowatthours
2023-06,ID,Idaho,RES,residential,11.78,636.86972,cents per kilowatthour,million kilowatthours
2023-06,HI,Hawaii,RES,residential,41.74,212.29848,cents per kilowatthour,million kilowatthours
2023-06,GA,Georgia,RES,residential,14.62,5239.66604,cents per kilowatthour,million kilowatthours
2023-06,FL,Florida,RES,residential,15.26,12459.43212,cents per kilowatthour,million kilowatthours
2023-06,DC,District of Columbia,RES,residential,16.45,194.47084,cents per kilowatthour,million kilowatthours
2023-06,RI,Rhode Island,RES,residential,25.97,232.05042,cents per kilowatthour,million kilowatthours
2023-06,PA,Pennsylvania,RES,residential,18.39,3739.36849,cents per kilowatthour,million kilowatthours
2023-06,OR,Oregon,RES,residential,13.08,1370.0678,cents per kilowatthour,million kilowatthours
2023-06,OK,Oklahoma,RES,residential,12.63,2202.05539,cents per kilowatthour,million kilowatthours
2023-06,OH,Ohio,RES,residential,16.35,3862.02517,cents per kilowatthour,million kilowatthours
2023-06,ND,North Dakota,RES,residential,12.3,357.74687,cents per kilowatthour,million kilowatthours
2023-06,US,U.S. Total,RES,residential,16.11,121568.09923,cents per kilowatthour,million kilowatthours
2023-06,PACN,Pacific Noncontiguous,RES,residential,35.01,351.28376,cents per kilowatthour,million kilowatthours
2023-06,PACC,Pacific Contiguous,RES,residential,23.66,9819.83192,cents per kilowatthour,million kilowatthours
2023-06,NC,North Carolina,RES,residential,12.9,4946.612,cents per kilowatthour,million kilowatthours
2023-06,MTN,Mountain,RES,residential,14.21,9095.84966,cents per kilowatthour,million kilowatthours
2023-06,WSC,West South Central,RES,residential,13.54,22384.46947,cents per kilowatthour,million kilowatthours
2023-06,ESC,East South Central,RES,residential,13.25,9903.20714,cents per kilowatthour,million kilowatthours
2023-06,SAT,South Atlantic,RES,residential,14.8,31904.85106,cents per kilowatthour,million kilowatthours
2023-06,WNC,West North Central,RES,residential,14.21,9423.91347,cents per kilowatthour,million kilowatthours
2023-06,ENC,East North Central,RES,residential,16.38,15094.8933,cents per kilowatthour,million kilowatthours
2023-06,MAT,Middle Atlantic,RES,residential,19.61,10149.93773,cents per kilowatthour,million kilowatthours
2023-06,NEW,New England,RES,residential,28.36,3439.86172,cents per kilowatthour,million kilowatthours
2023-06,WY,Wyoming,RES,residential,12.62,184.74794,cents per kilowatthour,million kilowatthours
2023-06,WI,Wisconsin,RES,residential,17.06,1893.89007,cents per kilowatthour,million kilowatthours
2023-06,WV,West Virginia,RES,residential,14.47,667.74399,cents per kilowatthour,million kilowatthours
2023-06,WA,Washington,RES,residential,11.21,2477.31596,cents per kilowatthour,million kilowatthours
2023-06,VA,Virginia,RES,residential,15.21,3384.34909,cents per kilowatthour,million kilowatthours
2023-06,VT,Vermont,RES,residential,21,157.98187,cents per kilowatthour,million kilowatthours
2023-06,UT,Utah,RES,residential,11.45,867.38778,cents per kilowatthour,million kilowatthours
2023-06,TX,Texas,RES,residential,14.22,15681.56469,cents per kilowatthour,million kilowatthours
2023-06,TN,Tennessee,RES,residential,12.42,3339.05042,cents per kilowatthour,million kilowatthours
2023-06,SD,South Dakota,RES,residential,13.19,401.221,cents per kilowatthour,million kilowatthours
2023-05,RI,Rhode Island,RES,residential,26.9,175.97323,cents per kilowatthour,million kilowatthours
2023-05,US,U.S. Total,RES,residential,16.15,100479.26974,cents per kilowatthour,million kilowatthours
2023-05,PACN,Pacific Noncontiguous,RES,residential,34.98,362.32578,cents per kilowatthour,million kilowatthours
2023-05,PACC,Pacific Contiguous,RES,residential,22.12,9747.22446,cents per kilowatthour,million kilowatthours
2023-05,MTN,Mountain,RES,residential,13.93,8152.63379,cents per kilowatthour,million kilowatthours
2023-05,MI,Michigan,RES,residential,18.56,2338.43101,cents per kilowatthour,million kilowatthours
2023-05,MA,Massachusetts,RES,residential,29.07,1292.68873,cents per kilowatthour,million kilowatthours
2023-05,MD,Maryland,RES,residential,16.08,1663.98981,cents per kilowatthour,million kilowatthours
2023-05,ME,Maine,RES,residential,29.24,332.85182,cents per kilowatthour,million kilowatthours
2023-05,LA,Louisiana,RES,residential,11.69,2144.12399,cents per kilowatthour,million kilowatthours
2023-05,PA,Pennsylvania,RES,residential,18.45,3447.62212,cents per kilowatthour,million kilowatthours
2023-05,OR,Oregon,RES,residential,12.95,1402.43714,cents per kilowatthour,million kilowatthours
2023-05,OK,Oklahoma,RES,residential,11.83,1638.87728,cents per kilowatthour,million kilowatthours
2023-05,OH,Ohio,RES,residential,15.66,3434.90447,cents per kilowatthour,million kilowatthours
2023-05,ND,North Dakota,RES,residential,11.7,317.48273,cents per kilowatthour,million kilowatthours
2023-05,NC,North Carolina,RES,residential,13.22,3932.9245,cents per kilowatthour,million kilowatthours
2023-05,NY,New York,RES,residential,20.47,3385.85892,cents per kilowatthour,million kilowatthours
2023-05,NM,New Mexico,RES,residential,13.3,508.22217,cents per kilowatthour,million kilowatthours
2023-05,NJ,New Jersey,RES,residential,17.17,1862.08882,cents per kilowatthour,million kilowatthours
2023-05,NH,New Hampshire,RES,residential,30.67,312.70691,cents per kilowatthour,million kilowatthours
2023-05,NV,Nevada,RES,residential,17.43,1077.86831,cents per kilowatthour,million kilowatthours
2023-05,NE,Nebraska,RES,residential,11.88,696.29396,cents per kilowatthour,million kilowatthours
2023-05,MT,Montana,RES,residential,12.82,383.75843,cents per kilowatthour,million kilowatthours
2023-05,MO,Missouri,RES,residential,12.46,2380.97164,cents per kilowatthour,million kilowatthours
2023-05,MS,Mississippi,RES,residential,14.09,1228.0999,cents per kilowatthour,million kilowatthours
2023-05,MN,Minnesota,RES,residential,15.16,1645.33465,cents per kilowatthour,million kilowatthours
2023-05,KY,Kentucky,RES,residential,12.53,1729.68869,cents per kilowatthour,million kilowatthours
2023-05,KS,Kansas,RES,residential,14.09,974.58735,cents per kilowatthour,million kilowatthours
2023-05,WSC,West South Central,RES,residential,13.71,16229.64686,cents per kilowatthour,million kilowatthours
2023-05,IA,Iowa,RES,residential,14.18,999.96085,cents per kilowatthour,million kilowatthours
2023-05,IN,Indiana,RES,residential,15.12,2203.08167,cents per kilowatthour,million kilowatthours
2023-05,IL,Illinois,RES,residential,17.94,2934.56442,cents per kilowatthour,million kilowatthours
2023-05,ID,Idaho,RES,residential,10.79,626.63159,cents per kilowatthour,million kilowatthours
2023-05,HI,Hawaii,RES,residential,42.26,210.70594,cents per kilowatthour,million kilowatthours
2023-05,GA,Georgia,RES,residential,14,4204.00678,cents per kilowatthour,million kilowatthours
2023-05,FL,Florida,RES,residential,15.11,10805.63663,cents per kilowatthour,million kilowatthours
2023-05,DC,District of Columbia,RES,residential,16.97,151.97976,cents per kilowatthour,million kilowatthours
2023-05,DE,Delaware,RES,residential,16.65,278.80744,cents per kilowatthour,million kilowatthours
2023-05,CT,Connecticut,RES,residential,31.34,824.95821,cents per kilowatthour,million kilowatthours
2023-05,CO,Colorado,RES,residential,14.37,1462.07332,cents per kilowatthour,million kilowatthours
2023-05,CA,California,RES,residential,29.8,5596.65714,cents per kilowatthour,million kilowatthours
2023-05,AR,Arkansas,RES,residential,12.31,1169.58242,cents per kilowatthour,million kilowatthours
2023-05,AZ,Arizona,RES,residential,14.3,3098.22325,cents per kilowatthour,million kilowatthours
2023-05,AK,Alaska,RES,residential,24.86,151.61983,cents per kilowatthour,million kilowatthours
2023-05,AL,Alabama,RES,residential,14.51,2227.48544,cents per kilowatthour,million kilowatthours
2023-05,ESC,East South Central,RES,residential,13.27,7881.04056,cents per kilowatthour,million kilowatthours
2023-05,SAT,South Atlantic,RES,residential,14.69,26511.1736,cents per kilowatthour,million kilowatthours
2023-05,WNC,West North Central,RES,residential,13.45,7367.07477,cents per kilowatthour,million kilowatthours
2023-05,ENC,East North Central,RES,residential,16.85,12446.01479,cents per kilowatthour,million kilowatthours
2023-05,MAT,Middle Atlantic,RES,residential,18.96,8695.56986,cents per kilowatthour,million kilowatthours
2023-05,NEW,New England,RES,residential,29.35,3086.56527,cents per kilowatthour,million kilowatthours
2023-05,WY,Wyoming,RES,residential,11.93,199.82916,cents per kilowatthour,million kilowatthours
2023-05,WI,Wisconsin,RES,residential,17.33,1535.03322,cents per kilowatthour,million kilowatthours
2023-05,WV,West Virginia,RES,residential,14.63,665.79433,cents per kilowatthour,million kilowatthours
2023-05,WA,Washington,RES,residential,11.17,2748.13019,cents per kilowatthour,million kilowatthours
2023-05,VA,Virginia,RES,residential,15.27,2619.69184,cents per kilowatthour,million kilowatthours
2023-05,VT,Vermont,RES,residential,21.03,147.38638,cents per kilowatthour,million kilowatthours
2023-05,UT,Utah,RES,residential,10.84,796.02756,cents per kilowatthour,million kilowatthours
2023-05,TX,Texas,RES,residential,14.51,11277.06317,cents per kilowatthour,million kilowatthours
2023-05,TN,Tennessee,RES,residential,12.34,2695.76653,cents per kilowatthour,million kilowatthours
2023-05,SD,South Dakota,RES,residential,12.99,352.4436,cents per kilowatthour,million kilowatthours
2023-05,SC,South Carolina,RES,residential,14.38,2188.34252,cents per kilowatthour,million kilowatthours
2023-04,CT,Connecticut,RES,residential,34.45,838.67433,cents per kilowatthour,million kilowatthours
2023-04,US,U.S. Total,RES,residential,16.1,96541.91949,cents per kilowatthour,million kilowatthours
2023-04,PACN,Pacific Noncontiguous,RES,residential,34.49,378.8442,cents per kilowatthour,million kilowatthours
2023-04,PACC,Pacific Contiguous,RES,residential,21.27,10647.93342,cents per kilowatthour,million kilowatthours
2023-04,MTN,Mountain,RES,residential,13.42,7270.54582,cents per kilowatthour,million kilowatthours
2023-04,WSC,West South Central,RES,residential,13.45,13780.61857,cents per kilowatthour,million kilowatthours
2023-04,ESC,East South Central,RES,residential,13.07,7624.25917,cents per kilowatthour,million kilowatthours
2023-04,SAT,South Atlantic,RES,residential,14.73,25339.10162,cents per kilowatthour,million kilowatthours
2023-04,WNC,West North Central,RES,residential,12.69,7331.66261,cents per kilowatthour,million kilowatthours
2023-04,ENC,East North Central,RES,residential,16.55,12241.74206,cents per kilowatthour,million kilowatthours
2023-04,MAT,Middle Atlantic,RES,residential,18.74,8694.6008,cents per kilowatthour,million kilowatthours
2023-04,NEW,New England,RES,residential,31.1,3232.61121,cents per kilowatthour,million kilowatthours
2023-04,WY,Wyoming,RES,residential,11.21,252.92632,cents per kilowatthour,million kilowatthours
2023-04,WI,Wisconsin,RES,residential,16.87,1626.20989,cents per kilowatthour,million kilowatthours
2023-04,WV,West Virginia,RES,residential,14.41,690.57678,cents per kilowatthour,million kilowatthours
2023-04,WA,Washington,RES,residential,10.95,3251.99882,cents per kilowatthour,million kilowatthours
2023-04,VA,Virginia,RES,residential,14.65,2896.22319,cents per kilowatthour,million kilowatthours
2023-04,VT,Vermont,RES,residential,20.74,157.57083,cents per kilowatthour,million kilowatthours
2023-04,UT,Utah,RES,residential,10.84,756.21556,cents per kilowatthour,million kilowatthours
2023-04,TX,Texas,RES,residential,14.19,9393.1235,cents per kilowatthour,million kilowatthours
2023-04,TN,Tennessee,RES,residential,11.93,2840.07275,cents per kilowatthour,million kilowatthours
2023-04,SD,South Dakota,RES,residential,11.79,430.91065,cents per kilowatthour,million kilowatthours
2023-04,SC,South Carolina,RES,residential,14.3,2022.34327,cents per kilowatthour,million kilowatthours
2023-04,RI,Rhode Island,RES,residential,23.57,190.69107,cents per kilowatthour,million kilowatthours
2023-04,PA,Pennsylvania,RES,residential,18.36,3617.53159,cents per kilowatthour,million kilowatthours
2023-04,OR,Oregon,RES,residential,12.5,1625.7155,cents per kilowatthour,million kilowatthours
2023-04,OK,Oklahoma,RES,residential,12.39,1366.88374,cents per kilowatthour,million kilowatthours
2023-04,OH,Ohio,RES,residential,15.03,3383.50853,cents per kilowatthour,million kilowatthours
2023-04,ND,North Dakota,RES,residential,10.24,411.28162,cents per kilowatthour,million kilowatthours
2023-04,NC,North Carolina,RES,residential,13.21,3796.31651,cents per kilowatthour,million kilowatthours
2023-04,NY,New York,RES,residential,19.81,3401.31479,cents per kilowatthour,million kilowatthours
2023-04,NM,New Mexico,RES,residential,13.79,458.82554,cents per kilowatthour,million kilowatthours
2023-04,NJ,New Jersey,RES,residential,17.39,1675.75443,cents per kilowatthour,million kilowatthours
2023-04,NH,New Hampshire,RES,residential,30.87,324.91573,cents per kilowatthour,million kilowatthours
2023-04,NV,Nevada,RES,residential,17.59,818.31912,cents per kilowatthour,million kilowatthours
2023-04,CO,Colorado,RES,residential,13.56,1414.86836,cents per kilowatthour,million kilowatthours
2023-04,CA,California,RES,residential,29.56,5770.21911,cents per kilowatthour,million kilowatthours
2023-04,AR,Arkansas,RES,residential,12.34,1117.35428,cents per kilowatthour,million kilowatthours
2023-04,AZ,Arizona,RES,residential,14.11,2363.34988,cents per kilowatthour,million kilowatthours
2023-04,AK,Alaska,RES,residential,23.38,166.35649,cents per kilowatthour,million kilowatthours
2023-04,AL,Alabama,RES,residential,14.49,1975.33052,cents per kilowatthour,million kilowatthours
2023-04,DC,District of Columbia,RES,residential,15.24,167.20961,cents per kilowatthour,million kilowatthours
2023-04,NE,Nebraska,RES,residential,11.3,719.12059,cents per kilowatthour,million kilowatthours
2023-04,MT,Montana,RES,residential,12.28,472.41808,cents per kilowatthour,million kilowatthours
2023-04,MO,Missouri,RES,residential,12,2203.09155,cents per kilowatthour,million kilowatthours
2023-04,MS,Mississippi,RES,residential,14.08,1154.30558,cents per kilowatthour,million kilowatthours
2023-04,MN,Minnesota,RES,residential,14.54,1719.65137,cents per kilowatthour,million kilowatthours
2023-04,MI,Michigan,RES,residential,18.25,2334.7608,cents per kilowatthour,million kilowatthours
2023-04,MA,Massachusetts,RES,residential,32.06,1337.40472,cents per kilowatthour,million kilowatthours
2023-04,MD,Maryland,RES,residential,15.91,1727.16111,cents per kilowatthour,million kilowatthours
2023-04,ME,Maine,RES,residential,28.64,383.35452,cents per kilowatthour,million kilowatthours
2023-04,LA,Louisiana,RES,residential,11.17,1903.25705,cents per kilowatthour,million kilowatthours
2023-04,KY,Kentucky,RES,residential,12.61,1654.55032,cents per kilowatthour,million kilowatthours
2023-04,KS,Kansas,RES,residential,13.83,826.49526,cents per kilowatthour,million kilowatthours
2023-04,IA,Iowa,RES,residential,12.51,1021.11158,cents per kilowatthour,million kilowatthours
2023-04,IN,Indiana,RES,residential,15.08,2121.9865,cents per kilowatthour,million kilowatthours
2023-04,IL,Illinois,RES,residential,17.89,2775.27635,cents per kilowatthour,million kilowatthours
2023-04,ID,Idaho,RES,residential,10.24,733.62297,cents per kilowatthour,million kilowatthours
2023-04,HI,Hawaii,RES,residential,43.18,212.48771,cents per kilowatthour,million kilowatthours
2023-04,GA,Georgia,RES,residential,13.3,3773.75598,cents per kilowatthour,million kilowatthours
2023-04,FL,Florida,RES,residential,15.75,9934.09599,cents per kilowatthour,million kilowatthours
2023-04,DE,Delaware,RES,residential,15.49,331.41918,cents per kilowatthour,million kilowatthours
2023-03,IN,Indiana,RES,residential,16.01,2569.10725,cents per kilowatthour,million kilowatthours
2023-03,NEW,New England,RES,residential,31.12,3855.05755,cents per kilowatthour,million kilowatthours
2023-03,WY,Wyoming,RES,residential,10.62,317.69766,cents per kilowatthour,million kilowatthours
2023-03,WI,Wisconsin,RES,residential,16.34,1904.75831,cents per kilowatthour,million kilowatthours
2023-03,WV,West Virginia,RES,residential,14.25,958.36758,cents per kilowatthour,million kilowatthours
2023-03,WA,Washington,RES,residential,10.78,4109.21849,cents per kilowatthour,million kilowatthours
2023-03,VA,Virginia,RES,residential,14.74,3488.2625,cents per kilowatthour,million kilowatthours
2023-03,VT,Vermont,RES,residential,20.38,189.53842,cents per kilowatthour,million kilowatthours
2023-03,US,U.S. Total,RES,residential,15.91,110791.76211,cents per kilowatthour,million kilowatthours
2023-03,PACN,Pacific Noncontiguous,RES,residential,34.23,412.00332,cents per kilowatthour,million kilowatthours
2023-03,PACC,Pacific Contiguous,RES,residential,19.95,12712.28118,cents per kilowatthour,million kilowatthours
2023-03,MTN,Mountain,RES,residential,13.06,7990.024,cents per kilowatthour,million kilowatthours
2023-03,WSC,West South Central,RES,residential,13.65,15257.83547,cents per kilowatthour,million kilowatthours
2023-03,ESC,East South Central,RES,residential,13.18,8398.98859,cents per kilowatthour,million kilowatthours
2023-03,SAT,South Atlantic,RES,residential,14.3,27569.54862,cents per kilowatthour,million kilowatthours
2023-03,WNC,West North Central,RES,residential,12.16,9128.70249,cents per kilowatthour,million kilowatthours
2023-03,ENC,East North Central,RES,residential,16.43,14889.88648,cents per kilowatthour,million kilowatthours
2023-03,MAT,Middle Atlantic,RES,residential,19.09,10577.43441,cents per kilowatthour,million kilowatthours
2023-03,IL,Illinois,RES,residential,17.45,3335.65793,cents per kilowatthour,million kilowatthours
2023-03,ID,Idaho,RES,residential,10.09,925.51027,cents per kilowatthour,million kilowatthours
2023-03,HI,Hawaii,RES,residential,44.06,216.13417,cents per kilowatthour,million kilowatthours
2023-03,GA,Georgia,RES,residential,13.55,4128.12053,cents per kilowatthour,million kilowatthours
2023-03,FL,Florida,RES,residential,14.67,9530.2219,cents per kilowatthour,million kilowatthours
2023-03,DC,District of Columbia,RES,residential,15.92,177.02429,cents per kilowatthour,million kilowatthours
2023-03,DE,Delaware,RES,residential,15.34,425.78836,cents per kilowatthour,million kilowatthours
2023-03,CT,Connecticut,RES,residential,33.02,993.76541,cents per kilowatthour,million kilowatthours
2023-03,UT,Utah,RES,residential,10.86,872.06645,cents per kilowatthour,million kilowatthours
2023-03,TX,Texas,RES,residential,14.45,10343.26568,cents per kilowatthour,million kilowatthours
2023-03,TN,Tennessee,RES,residential,12.47,2993.52286,cents per kilowatthour,million kilowatthours
2023-03,SD,South Dakota,RES,residential,11.31,519.73985,cents per kilowatthour,million kilowatthours
2023-03,CO,Colorado,RES,residential,13.78,1660.04488,cents per kilowatthour,million kilowatthours
2023-03,CA,California,RES,residential,28.12,6558.83759,cents per kilowatthour,million kilowatthours
2023-03,AR,Arkansas,RES,residential,12.2,1292.58013,cents per kilowatthour,million kilowatthours
2023-03,AZ,Arizona,RES,residential,13.61,2234.46717,cents per kilowatthour,million kilowatthours
2023-03,AK,Alaska,RES,residential,23.39,195.86915,cents per kilowatthour,million kilowatthours
2023-03,AL,Alabama,RES,residential,14.63,2188.24163,cents per kilowatthour,million kilowatthours
2023-03,SC,South Carolina,RES,residential,14.25,2164.28261,cents per kilowatthour,million kilowatthours
2023-03,RI,Rhode Island,RES,residential,27.93,235.5134,cents per kilowatthour,million kilowatthours
2023-03,PA,Pennsylvania,RES,residential,18.12,4544.85934,cents per kilowatthour,million kilowatthours
2023-03,OR,Oregon,RES,residential,12.17,2044.22511,cents per kilowatthour,million kilowatthours
2023-03,OK,Oklahoma,RES,residential,11.92,1624.43793,cents per kilowatthour,million kilowatthours
2023-03,OH,Ohio,RES,residential,14.9,4355.50227,cents per kilowatthour,million kilowatthours
2023-03,ND,North Dakota,RES,residential,9.72,555.2677,cents per kilowatthour,million kilowatthours
2023-03,NC,North Carolina,RES,residential,12.96,4497.80889,cents per kilowatthour,million kilowatthours
2023-03,NY,New York,RES,residential,21.2,3983.46028,cents per kilowatthour,million kilowatthours
2023-03,NM,New Mexico,RES,residential,13.35,533.03169,cents per kilowatthour,million kilowatthours
2023-03,NJ,New Jersey,RES,residential,17.13,2049.11479,cents per kilowatthour,million kilowatthours
2023-03,NH,New Hampshire,RES,residential,30.31,395.53425,cents per kilowatthour,million kilowatthours
2023-03,NV,Nevada,RES,residential,17.11,847.61448,cents per kilowatthour,million kilowatthours
2023-03,NE,Nebraska,RES,residential,10.57,949.03196,cents per kilowatthour,million kilowatthours
2023-03,MT,Montana,RES,residential,12.14,599.59142,cents per kilowatthour,million kilowatthours
2023-03,MO,Missouri,RES,residential,11.65,2739.80758,cents per kilowatthour,million kilowatthours
2023-03,MS,Mississippi,RES,residential,13.99,1240.94282,cents per kilowatthour,million kilowatthours
2023-03,MN,Minnesota,RES,residential,13.76,2100.04106,cents per kilowatthour,million kilowatthours
2023-03,MI,Michigan,RES,residential,18.06,2724.86073,cents per kilowatthour,million kilowatthours
2023-03,MA,Massachusetts,RES,residential,32.39,1581.93293,cents per kilowatthour,million kilowatthours
2023-03,MD,Maryland,RES,residential,15.85,2199.67197,cents per kilowatthour,million kilowatthours
2023-03,ME,Maine,RES,residential,29.39,458.77313,cents per kilowatthour,million kilowatthours
2023-03,LA,Louisiana,RES,residential,11.84,1997.55173,cents per kilowatthour,million kilowatthours
2023-03,KY,Kentucky,RES,residential,12.14,1976.28128,cents per kilowatthour,million kilowatthours
2023-03,KS,Kansas,RES,residential,13.96,943.66671,cents per kilowatthour,million kilowatthours
2023-03,IA,Iowa,RES,residential,11.89,1321.14764,cents per kilowatthour,million kilowatthours
2023-02,UT,Utah,RES,residential,10.78,860.19219,cents per kilowatthour,million kilowatthours
2023-02,NE,Nebraska,RES,residential,10.25,926.3078,cents per kilowatthour,million kilowatthours
2023-02,MT,Montana,RES,residential,11.98,571.85043,cents per kilowatthour,million kilowatthours
2023-02,MO,Missouri,RES,residential,11.57,2881.24554,cents per kilowatthour,million kilowatthours
2023-02,MS,Mississippi,RES,residential,13.77,1432.90824,cents per kilowatthour,million kilowatthours
2023-02,MN,Minnesota,RES,residential,13.45,2014.9735,cents per kilowatthour,million kilowatthours
2023-02,MI,Michigan,RES,residential,17.82,2633.68632,cents per kilowatthour,million kilowatthours
2023-02,MA,Massachusetts,RES,residential,32.23,1648.86135,cents per kilowatthour,million kilowatthours
2023-02,MD,Maryland,RES,residential,16.21,2206.17096,cents per kilowatthour,million kilowatthours
2023-02,ME,Maine,RES,residential,26.33,491.762,cents per kilowatthour,million kilowatthours
2023-02,LA,Louisiana,RES,residential,12.84,2155.32146,cents per kilowatthour,million kilowatthours
2023-02,KY,Kentucky,RES,residential,12.48,2122.05221,cents per kilowatthour,million kilowatthours
2023-02,KS,Kansas,RES,residential,14.71,971.27123,cents per kilowatthour,million kilowatthours
2023-02,IA,Iowa,RES,residential,11.6,1310.57106,cents per kilowatthour,million kilowatthours
2023-02,IN,Indiana,RES,residential,16.12,2674.63746,cents per kilowatthour,million kilowatthours
2023-02,IL,Illinois,RES,residential,17.12,3404.16374,cents per kilowatthour,million kilowatthours
2023-02,ID,Idaho,RES,residential,10.25,950.02123,cents per kilowatthour,million kilowatthours
2023-02,HI,Hawaii,RES,residential,44.24,195.34623,cents per kilowatthour,million kilowatthours
2023-02,GA,Georgia,RES,residential,13.6,4266.41667,cents per kilowatthour,million kilowatthours
2023-02,FL,Florida,RES,residential,15.86,8705.84137,cents per kilowatthour,million kilowatthours
2023-02,DC,District of Columbia,RES,residential,15.58,198.48258,cents per kilowatthour,million kilowatthours
2023-02,DE,Delaware,RES,residential,15.03,418.8015,cents per kilowatthour,million kilowatthours
2023-02,OR,Oregon,RES,residential,12.2,1999.88604,cents per kilowatthour,million kilowatthours
2023-02,OK,Oklahoma,RES,residential,11.56,1786.45563,cents per kilowatthour,million kilowatthours
2023-02,OH,Ohio,RES,residential,14.61,4048.97946,cents per kilowatthour,million kilowatthours
2023-02,ND,North Dakota,RES,residential,9.97,524.11351,cents per kilowatthour,million kilowatthours
2023-02,NC,North Carolina,RES,residential,13.08,4540.00459,cents per kilowatthour,million kilowatthours
2023-02,NY,New York,RES,residential,23.63,4059.98257,cents per kilowatthour,million kilowatthours
2023-02,NM,New Mexico,RES,residential,14.03,580.03902,cents per kilowatthour,million kilowatthours
2023-02,NJ,New Jersey,RES,residential,16.99,2041.18763,cents per kilowatthour,million kilowatthours
2023-02,NH,New Hampshire,RES,residential,31.06,402.59769,cents per kilowatthour,million kilowatthours
2023-02,NV,Nevada,RES,residential,17.04,861.32554,cents per kilowatthour,million kilowatthours
2023-02,US,U.S. Total,RES,residential,15.98,112543.12501,cents per kilowatthour,million kilowatthours
2023-02,PACN,Pacific Noncontiguous,RES,residential,34.03,373.88408,cents per kilowatthour,million kilowatthours
2023-02,PACC,Pacific Contiguous,RES,residential,19.38,12036.39534,cents per kilowatthour,million kilowatthours
2023-02,MTN,Mountain,RES,residential,13.06,8036.00373,cents per kilowatthour,million kilowatthours
2023-02,WSC,West South Central,RES,residential,13.84,16964.8417,cents per kilowatthour,million kilowatthours
2023-02,ESC,East South Central,RES,residential,13.4,9625.9348,cents per kilowatthour,million kilowatthours
2023-02,SAT,South Atlantic,RES,residential,14.67,27125.14355,cents per kilowatthour,million kilowatthours
2023-02,WNC,West North Central,RES,residential,12.09,9145.57324,cents per kilowatthour,million kilowatthours
2023-02,ENC,East North Central,RES,residential,16.25,14631.39514,cents per kilowatthour,million kilowatthours
2023-02,CT,Connecticut,RES,residential,34.35,999.82341,cents per kilowatthour,million kilowatthours
2023-02,CO,Colorado,RES,residential,14.34,1575.81349,cents per kilowatthour,million kilowatthours
2023-02,CA,California,RES,residential,27.26,6127.8603,cents per kilowatthour,million kilowatthours
2023-02,AR,Arkansas,RES,residential,11.99,1582.54207,cents per kilowatthour,million kilowatthours
2023-02,AZ,Arizona,RES,residential,13.1,2323.35996,cents per kilowatthour,million kilowatthours
2023-02,AK,Alaska,RES,residential,22.86,178.53785,cents per kilowatthour,million kilowatthours
2023-02,AL,Alabama,RES,residential,15.29,2329.05173,cents per kilowatthour,million kilowatthours
2023-02,TN,Tennessee,RES,residential,12.61,3741.92262,cents per kilowatthour,million kilowatthours
2023-02,SD,South Dakota,RES,residential,11.51,517.09061,cents per kilowatthour,million kilowatthours
2023-02,SC,South Carolina,RES,residential,14.51,2244.4013,cents per kilowatthour,million kilowatthours
2023-02,RI,Rhode Island,RES,residential,29.1,232.8847,cents per kilowatthour,million kilowatthours
2023-02,PA,Pennsylvania,RES,residential,18.32,4527.9727,cents per kilowatthour,million kilowatthours
2023-02,TX,Texas,RES,residential,14.64,11440.52254,cents per kilowatthour,million kilowatthours
2023-02,MAT,Middle Atlantic,RES,residential,20.09,10629.1429,cents per kilowatthour,million kilowatthours
2023-02,NEW,New England,RES,residential,31.13,3974.81054,cents per kilowatthour,million kilowatthours
2023-02,WY,Wyoming,RES,residential,10.3,313.40188,cents per kilowatthour,million kilowatthours
2023-02,WI,Wisconsin,RES,residential,16.21,1869.92816,cents per kilowatthour,million kilowatthours
2023-02,WV,West Virginia,RES,residential,13.57,933.82954,cents per kilowatthour,million kilowatthours
2023-02,WA,Washington,RES,residential,10.7,3908.649,cents per kilowatthour,million kilowatthours
2023-02,VA,Virginia,RES,residential,14.4,3611.19506,cents per kilowatthour,million kilowatthours
2023-02,VT,Vermont,RES,residential,20.27,198.88139,cents per kilowatthour,million kilowatthours
2023-01,AL,Alabama,RES,residential,14.36,2843.50576,cents per kilowatthour,million kilowatthours
2023-01,AK,Alaska,RES,residential,21.68,230.05733,cents per kilowatthour,million kilowatthours
2023-01,AZ,Arizona,RES,residential,12.62,2727.19544,cents per kilowatthour,million kilowatthours
2023-01,SC,South Carolina,RES,residential,13.99,2797.17983,cents per kilowatthour,million kilowatthours
2023-01,SD,South Dakota,RES,residential,11.25,585.01896,cents per kilowatthour,million kilowatthours
2023-01,TN,Tennessee,RES,residential,12.11,4205.43975,cents per kilowatthour,million kilowatthours
2023-01,TX,Texas,RES,residential,14.19,12746.24637,cents per kilowatthour,million kilowatthours
2023-01,UT,Utah,RES,residential,10.65,951.88539,cents per kilowatthour,million kilowatthours
2023-01,VT,Vermont,RES,residential,19.95,214.27621,cents per kilowatthour,million kilowatthours
2023-01,VA,Virginia,RES,residential,14.03,4491.90335,cents per kilowatthour,million kilowatthours
2023-01,WA,Washington,RES,residential,10.48,4448.54331,cents per kilowatthour,million kilowatthours
2023-01,WV,West Virginia,RES,residential,13.09,1139.16993,cents per kilowatthour,million kilowatthours
2023-01,WI,Wisconsin,RES,residential,16.05,2110.89556,cents per kilowatthour,million kilowatthours
2023-01,WY,Wyoming,RES,residential,10.28,356.2486,cents per kilowatthour,million kilowatthours
2023-01,NEW,New England,RES,residential,29.8,4400.16244,cents per kilowatthour,million kilowatthours
2023-01,MAT,Middle Atlantic,RES,residential,19.88,12066.07694,cents per kilowatthour,million kilowatthours
2023-01,ENC,East North Central,RES,residential,15.78,17008.14219,cents per kilowatthour,million kilowatthours
2023-01,AR,Arkansas,RES,residential,11.42,1829.99451,cents per kilowatthour,million kilowatthours
2023-01,CA,California,RES,residential,26.48,8065.23117,cents per kilowatthour,million kilowatthours
2023-01,CO,Colorado,RES,residential,14.2,1835.66949,cents per kilowatthour,million kilowatthours
2023-01,CT,Connecticut,RES,residential,30.27,1167.46261,cents per kilowatthour,million kilowatthours
2023-01,DE,Delaware,RES,residential,14.26,478.88825,cents per kilowatthour,million kilowatthours
2023-01,DC,District of Columbia,RES,residential,14.8,213.23794,cents per kilowatthour,million kilowatthours
2023-01,FL,Florida,RES,residential,14.93,10026.55382,cents per kilowatthour,million kilowatthours
2023-01,GA,Georgia,RES,residential,12.87,5303.83195,cents per kilowatthour,million kilowatthours
2023-01,HI,Hawaii,RES,residential,44.96,231.96922,cents per kilowatthour,million kilowatthours
2023-01,WNC,West North Central,RES,residential,11.4,11125.91811,cents per kilowatthour,million kilowatthours
2023-01,SAT,South Atlantic,RES,residential,14.01,32472.73844,cents per kilowatthour,million kilowatthours
2023-01,ESC,East South Central,RES,residential,12.97,11243.23425,cents per kilowatthour,million kilowatthours
2023-01,ID,Idaho,RES,residential,10.58,1059.09778,cents per kilowatthour,million kilowatthours
2023-01,IL,Illinois,RES,residential,16.07,3908.89349,cents per kilowatthour,million kilowatthours
2023-01,IN,Indiana,RES,residential,15.43,3128.903,cents per kilowatthour,million kilowatthours
2023-01,IA,Iowa,RES,residential,11.3,1572.14016,cents per kilowatthour,million kilowatthours
2023-01,KS,Kansas,RES,residential,12.97,1252.71432,cents per kilowatthour,million kilowatthours
2023-01,KY,Kentucky,RES,residential,12.68,2513.5071,cents per kilowatthour,million kilowatthours
2023-01,LA,Louisiana,RES,residential,11.94,2619.66682,cents per kilowatthour,million kilowatthours
2023-01,ME,Maine,RES,residential,24.1,484.21901,cents per kilowatthour,million kilowatthours
2023-01,MD,Maryland,RES,residential,15.97,2516.414,cents per kilowatthour,million kilowatthours
2023-01,WSC,West South Central,RES,residential,13.26,19327.94779,cents per kilowatthour,million kilowatthours
2023-01,MTN,Mountain,RES,residential,12.78,9239.15705,cents per kilowatthour,million kilowatthours
2023-01,PACC,Pacific Contiguous,RES,residential,19.48,14713.29938,cents per kilowatthour,million kilowatthours
2023-01,PACN,Pacific Noncontiguous,RES,residential,33.37,462.02655,cents per kilowatthour,million kilowatthours
2023-01,US,U.S. Total,RES,residential,15.47,132058.70313,cents per kilowatthour,million kilowatthours
2023-01,MA,Massachusetts,RES,residential,31.83,1816.75305,cents per kilowatthour,million kilowatthours
2023-01,MI,Michigan,RES,residential,17.99,2956.14921,cents per kilowatthour,million kilowatthours
2023-01,MN,Minnesota,RES,residential,13.08,2371.59732,cents per kilowatthour,million kilowatthours
2023-01,MS,Mississippi,RES,residential,13.18,1680.78163,cents per kilowatthour,million kilowatthours
2023-01,MO,Missouri,RES,residential,10.73,3552.46531,cents per kilowatthour,million kilowatthours
2023-01,MT,Montana,RES,residential,10.73,674.93528,cents per kilowatthour,million kilowatthours
2023-01,NE,Nebraska,RES,residential,9.35,1181.15144,cents per kilowatthour,million kilowatthours
2023-01,NV,Nevada,RES,residential,16.81,985.70751,cents per kilowatthour,million kilowatthours
2023-01,NH,New Hampshire,RES,residential,31.74,447.06189,cents per kilowatthour,million kilowatthours
2023-01,NJ,New Jersey,RES,residential,16.91,2285.02413,cents per kilowatthour,million kilowatthours
2023-01,NM,New Mexico,RES,residential,13.53,648.41755,cents per kilowatthour,million kilowatthours
2023-01,NY,New York,RES,residential,23.6,4483.86155,cents per kilowatthour,million kilowatthours
2023-01,NC,North Carolina,RES,residential,12.67,5505.55937,cents per kilowatthour,million kilowatthours
2023-01,ND,North Dakota,RES,residential,9.91,610.83061,cents per kilowatthour,million kilowatthours
2023-01,OH,Ohio,RES,residential,14.32,4903.30094,cents per kilowatthour,million kilowatthours
2023-01,OK,Oklahoma,RES,residential,10.96,2132.04008,cents per kilowatthour,million kilowatthours
2023-01,OR,Oregon,RES,residential,12.04,2199.5249,cents per kilowatthour,million kilowatthours
2023-01,PA,Pennsylvania,RES,residential,18.01,5297.19127,cents per kilowatthour,million kilowatthours
2023-01,RI,Rhode Island,RES,residential,28.96,270.38966,cents per kilowatthour,million kilowatthours
2022-12,KS,Kansas,RES,residential,13.24,1211.87523,cents per kilowatthour,million kilowatthours
2022-12,DC,District of Columbia,RES,residential,15.05,198.26047,cents per kilowatthour,million kilowatthours
2022-12,DE,Delaware,RES,residential,14.61,468.30212,cents per kilowatthour,million kilowatthours
2022-12,CT,Connecticut,RES,residential,23.42,1221.00945,cents per kilowatthour,million kilowatthours
2022-12,CO,Colorado,RES,residential,14.15,1809.86813,cents per kilowatthour,million kilowatthours
2022-12,MAT,Middle Atlantic,RES,residential,19.29,12210.67964,cents per kilowatthour,million kilowatthours
2022-12,NEW,New England,RES,residential,26.96,4183.59656,cents per kilowatthour,million kilowatthours
2022-12,WY,Wyoming,RES,residential,10.38,347.86306,cents per kilowatthour,million kilowatthours
2022-12,WI,Wisconsin,RES,residential,15.01,2202.26837,cents per kilowatthour,million kilowatthours
2022-12,WV,West Virginia,RES,residential,12.75,1269.90954,cents per kilowatthour,million kilowatthours
2022-12,WA,Washington,RES,residential,10.04,4556.40671,cents per kilowatthour,million kilowatthours
2022-12,US,U.S. Total,RES,residential,14.94,131401.70248,cents per kilowatthour,million kilowatthours
2022-12,PACN,Pacific Noncontiguous,RES,residential,33.63,455.97543,cents per kilowatthour,million kilowatthours
2022-12,PACC,Pacific Contiguous,RES,residential,18.18,13721.47172,cents per kilowatthour,million kilowatthours
2022-12,MTN,Mountain,RES,residential,12.57,9199.72214,cents per kilowatthour,million kilowatthours
2022-12,WSC,West South Central,RES,residential,13.58,18819.45632,cents per kilowatthour,million kilowatthours
2022-12,ESC,East South Central,RES,residential,12.65,10545.61238,cents per kilowatthour,million kilowatthours
2022-12,SAT,South Atlantic,RES,residential,13.3,33716.73205,cents per kilowatthour,million kilowatthours
2022-12,WNC,West North Central,RES,residential,11.39,10900.05576,cents per kilowatthour,million kilowatthours
2022-12,ENC,East North Central,RES,residential,15.5,17648.40049,cents per kilowatthour,million kilowatthours
2022-12,SD,South Dakota,RES,residential,11.22,563.42354,cents per kilowatthour,million kilowatthours
2022-12,SC,South Carolina,RES,residential,13.86,2882.64064,cents per kilowatthour,million kilowatthours
2022-12,RI,Rhode Island,RES,residential,27.52,257.3095,cents per kilowatthour,million kilowatthours
2022-12,PA,Pennsylvania,RES,residential,17.77,5519.85208,cents per kilowatthour,million kilowatthours
2022-12,OR,Oregon,RES,residential,11.13,2347.38685,cents per kilowatthour,million kilowatthours
2022-12,OK,Oklahoma,RES,residential,11.11,2151.64214,cents per kilowatthour,million kilowatthours
2022-12,OH,Ohio,RES,residential,13.97,4970.83025,cents per kilowatthour,million kilowatthours
2022-12,ND,North Dakota,RES,residential,9.63,633.90324,cents per kilowatthour,million kilowatthours
2022-12,NC,North Carolina,RES,residential,11.48,6080.67506,cents per kilowatthour,million kilowatthours
2022-12,NY,New York,RES,residential,22.78,4234.46457,cents per kilowatthour,million kilowatthours
2022-12,NM,New Mexico,RES,residential,13.34,636.89485,cents per kilowatthour,million kilowatthours
2022-12,NJ,New Jersey,RES,residential,16.68,2456.36299,cents per kilowatthour,million kilowatthours
2022-12,NH,New Hampshire,RES,residential,30.88,420.31987,cents per kilowatthour,million kilowatthours
2022-12,NV,Nevada,RES,residential,14.96,984.62109,cents per kilowatthour,million kilowatthours
2022-12,NE,Nebraska,RES,residential,9.7,1130.474,cents per kilowatthour,million kilowatthours
2022-12,MT,Montana,RES,residential,11.77,689.13572,cents per kilowatthour,million kilowatthours
2022-12,MO,Missouri,RES,residential,10.54,3500.5791,cents per kilowatthour,million kilowatthours
2022-12,MS,Mississippi,RES,residential,12.33,1493.93267,cents per kilowatthour,million kilowatthours
2022-12,IA,Iowa,RES,residential,11.25,1569.60839,cents per kilowatthour,million kilowatthours
2022-12,IN,Indiana,RES,residential,15.25,3216.19882,cents per kilowatthour,million kilowatthours
2022-12,IL,Illinois,RES,residential,15.98,4134.21523,cents per kilowatthour,million kilowatthours
2022-12,ID,Idaho,RES,residential,10.47,1129.62503,cents per kilowatthour,million kilowatthours
2022-12,HI,Hawaii,RES,residential,44.79,230.75711,cents per kilowatthour,million kilowatthours
2022-12,GA,Georgia,RES,residential,11.76,5417.89868,cents per kilowatthour,million kilowatthours
2022-12,FL,Florida,RES,residential,14.21,9713.81646,cents per kilowatthour,million kilowatthours
2022-12,VA,Virginia,RES,residential,13.81,4875.5359,cents per kilowatthour,million kilowatthours
2022-12,VT,Vermont,RES,residential,19.94,211.11645,cents per kilowatthour,million kilowatthours
2022-12,UT,Utah,RES,residential,10.47,983.35606,cents per kilowatthour,million kilowatthours
2022-12,TX,Texas,RES,residential,14.49,12631.77294,cents per kilowatthour,million kilowatthours
2022-12,TN,Tennessee,RES,residential,12.16,3672.66209,cents per kilowatthour,million kilowatthours
2022-12,CA,California,RES,residential,26.04,6817.67816,cents per kilowatthour,million kilowatthours
2022-12,AR,Arkansas,RES,residential,11.35,1640.50086,cents per kilowatthour,million kilowatthours
2022-12,AZ,Arizona,RES,residential,12.57,2618.35822,cents per kilowatthour,million kilowatthours
2022-12,AK,Alaska,RES,residential,22.2,225.21832,cents per kilowatthour,million kilowatthours
2022-12,AL,Alabama,RES,residential,13.1,2861.59672,cents per kilowatthour,million kilowatthours
2022-12,MN,Minnesota,RES,residential,13.15,2290.19226,cents per kilowatthour,million kilowatthours
2022-12,MI,Michigan,RES,residential,17.91,3124.88782,cents per kilowatthour,million kilowatthours
2022-12,MA,Massachusetts,RES,residential,30.64,1630.96378,cents per kilowatthour,million kilowatthours
2022-12,MD,Maryland,RES,residential,15.53,2809.69318,cents per kilowatthour,million kilowatthours
2022-12,ME,Maine,RES,residential,22.44,442.87751,cents per kilowatthour,million kilowatthours
2022-12,LA,Louisiana,RES,residential,12.5,2395.54039,cents per kilowatthour,million kilowatthours
2022-12,KY,Kentucky,RES,residential,13.05,2517.42091,cents per kilowatthour,million kilowatthours
2022-11,SAT,South Atlantic,RES,residential,13.7,26497.87112,cents per kilowatthour,million kilowatthours
2022-11,FL,Florida,RES,residential,13.98,9424.37599,cents per kilowatthour,million kilowatthours
2022-11,DC,District of Columbia,RES,residential,15.77,165.9001,cents per kilowatthour,million kilowatthours
2022-11,DE,Delaware,RES,residential,16.22,314.97838,cents per kilowatthour,million kilowatthours
2022-11,CT,Connecticut,RES,residential,23.91,923.12589,cents per kilowatthour,million kilowatthours
2022-11,CO,Colorado,RES,residential,14.55,1524.80178,cents per kilowatthour,million kilowatthours
2022-11,CA,California,RES,residential,25.52,6370.38455,cents per kilowatthour,million kilowatthours
2022-11,AR,Arkansas,RES,residential,12.41,1198.9508,cents per kilowatthour,million kilowatthours
2022-11,AZ,Arizona,RES,residential,13.11,2113.33354,cents per kilowatthour,million kilowatthours
2022-11,AK,Alaska,RES,residential,23.14,186.2134,cents per kilowatthour,million kilowatthours
2022-11,PA,Pennsylvania,RES,residential,17.38,3994.70802,cents per kilowatthour,million kilowatthours
2022-11,OR,Oregon,RES,residential,11.51,1914.50474,cents per kilowatthour,million kilowatthours
2022-11,OK,Oklahoma,RES,residential,12.34,1595.66232,cents per kilowatthour,million kilowatthours
2022-11,OH,Ohio,RES,residential,14.63,3762.4709,cents per kilowatthour,million kilowatthours
2022-11,ND,North Dakota,RES,residential,10.58,461.36858,cents per kilowatthour,million kilowatthours
2022-11,AL,Alabama,RES,residential,14.83,2185.74702,cents per kilowatthour,million kilowatthours
2022-11,NJ,New Jersey,RES,residential,16.19,1852.56297,cents per kilowatthour,million kilowatthours
2022-11,NH,New Hampshire,RES,residential,30.61,335.06866,cents per kilowatthour,million kilowatthours
2022-11,NV,Nevada,RES,residential,15.23,848.20654,cents per kilowatthour,million kilowatthours
2022-11,NE,Nebraska,RES,residential,10.58,765.69622,cents per kilowatthour,million kilowatthours
2022-11,MT,Montana,RES,residential,12.23,476.21897,cents per kilowatthour,million kilowatthours
2022-11,MO,Missouri,RES,residential,11.41,2537.57617,cents per kilowatthour,million kilowatthours
2022-11,WNC,West North Central,RES,residential,12.44,7897.88673,cents per kilowatthour,million kilowatthours
2022-11,ENC,East North Central,RES,residential,16.16,13416.58357,cents per kilowatthour,million kilowatthours
2022-11,MAT,Middle Atlantic,RES,residential,19.47,9295.70555,cents per kilowatthour,million kilowatthours
2022-11,NEW,New England,RES,residential,26.21,3392.63113,cents per kilowatthour,million kilowatthours
2022-11,WY,Wyoming,RES,residential,11.05,261.37769,cents per kilowatthour,million kilowatthours
2022-11,WI,Wisconsin,RES,residential,15.72,1703.614,cents per kilowatthour,million kilowatthours
2022-11,WV,West Virginia,RES,residential,13.83,861.93562,cents per kilowatthour,million kilowatthours
2022-11,WA,Washington,RES,residential,10.34,3499.07139,cents per kilowatthour,million kilowatthours
2022-11,VA,Virginia,RES,residential,14.32,3246.40451,cents per kilowatthour,million kilowatthours
2022-11,VT,Vermont,RES,residential,20.74,166.57736,cents per kilowatthour,million kilowatthours
2022-11,UT,Utah,RES,residential,10.59,841.64321,cents per kilowatthour,million kilowatthours
2022-11,TX,Texas,RES,residential,15.01,10252.12475,cents per kilowatthour,million kilowatthours
2022-11,TN,Tennessee,RES,residential,12.81,2754.93254,cents per kilowatthour,million kilowatthours
2022-11,SD,South Dakota,RES,residential,11.98,405.34547,cents per kilowatthour,million kilowatthours
2022-11,SC,South Carolina,RES,residential,13.82,2181.56701,cents per kilowatthour,million kilowatthours
2022-11,NC,North Carolina,RES,residential,11.89,4312.11413,cents per kilowatthour,million kilowatthours
2022-11,NY,New York,RES,residential,23.66,3448.43457,cents per kilowatthour,million kilowatthours
2022-11,NM,New Mexico,RES,residential,13.85,536.00585,cents per kilowatthour,million kilowatthours
2022-11,RI,Rhode Island,RES,residential,28.62,212.52607,cents per kilowatthour,million kilowatthours
2022-11,MS,Mississippi,RES,residential,13.39,1169.08219,cents per kilowatthour,million kilowatthours
2022-11,US,U.S. Total,RES,residential,15.55,103152.07773,cents per kilowatthour,million kilowatthours
2022-11,PACN,Pacific Noncontiguous,RES,residential,34.52,414.36029,cents per kilowatthour,million kilowatthours
2022-11,PACC,Pacific Contiguous,RES,residential,18.74,11783.96068,cents per kilowatthour,million kilowatthours
2022-11,MTN,Mountain,RES,residential,12.91,7512.58065,cents per kilowatthour,million kilowatthours
2022-11,WSC,West South Central,RES,residential,14.36,15016.03768,cents per kilowatthour,million kilowatthours
2022-11,ESC,East South Central,RES,residential,13.7,7924.46033,cents per kilowatthour,million kilowatthours
2022-11,MN,Minnesota,RES,residential,14.18,1734.24388,cents per kilowatthour,million kilowatthours
2022-11,MI,Michigan,RES,residential,17.83,2514.73829,cents per kilowatthour,million kilowatthours
2022-11,MA,Massachusetts,RES,residential,28.07,1377.07796,cents per kilowatthour,million kilowatthours
2022-11,MD,Maryland,RES,residential,15.37,1948.47268,cents per kilowatthour,million kilowatthours
2022-11,ME,Maine,RES,residential,22.23,378.25519,cents per kilowatthour,million kilowatthours
2022-11,LA,Louisiana,RES,residential,13.82,1969.29981,cents per kilowatthour,million kilowatthours
2022-11,KY,Kentucky,RES,residential,13.87,1814.69858,cents per kilowatthour,million kilowatthours
2022-11,KS,Kansas,RES,residential,14.51,937.51395,cents per kilowatthour,million kilowatthours
2022-11,IA,Iowa,RES,residential,12.57,1056.14245,cents per kilowatthour,million kilowatthours
2022-11,IN,Indiana,RES,residential,15.94,2307.227,cents per kilowatthour,million kilowatthours
2022-11,IL,Illinois,RES,residential,17.04,3128.53338,cents per kilowatthour,million kilowatthours
2022-11,ID,Idaho,RES,residential,9.98,910.99307,cents per kilowatthour,million kilowatthours
2022-11,HI,Hawaii,RES,residential,43.8,228.14689,cents per kilowatthour,million kilowatthours
2022-11,GA,Georgia,RES,residential,13.29,4042.1227,cents per kilowatthour,million kilowatthours
2022-10,NJ,New Jersey,RES,residential,16.32,1633.9079,cents per kilowatthour,million kilowatthours
2022-10,AK,Alaska,RES,residential,23.66,159.02724,cents per kilowatthour,million kilowatthours
2022-10,AL,Alabama,RES,residential,15.02,2047.40004,cents per kilowatthour,million kilowatthours
2022-10,HI,Hawaii,RES,residential,44.72,248.57667,cents per kilowatthour,million kilowatthours
2022-10,GA,Georgia,RES,residential,14.06,3868.51003,cents per kilowatthour,million kilowatthours
2022-10,FL,Florida,RES,residential,14.19,10380.68117,cents per kilowatthour,million kilowatthours
2022-10,DC,District of Columbia,RES,residential,15.44,167.4903,cents per kilowatthour,million kilowatthours
2022-10,DE,Delaware,RES,residential,16.36,314.93952,cents per kilowatthour,million kilowatthours
2022-10,CT,Connecticut,RES,residential,24.98,837.55501,cents per kilowatthour,million kilowatthours
2022-10,CO,Colorado,RES,residential,14.8,1403.88575,cents per kilowatthour,million kilowatthours
2022-10,CA,California,RES,residential,25.76,6840.73197,cents per kilowatthour,million kilowatthours
2022-10,AR,Arkansas,RES,residential,12.8,1265.27899,cents per kilowatthour,million kilowatthours
2022-10,AZ,Arizona,RES,residential,13.11,2775.69218,cents per kilowatthour,million kilowatthours
2022-10,PACC,Pacific Contiguous,RES,residential,20.55,10615.24301,cents per kilowatthour,million kilowatthours
2022-10,MTN,Mountain,RES,residential,13.35,7560.71644,cents per kilowatthour,million kilowatthours
2022-10,WSC,West South Central,RES,residential,14.63,17139.29915,cents per kilowatthour,million kilowatthours
2022-10,US,U.S. Total,RES,residential,15.99,99792.19117,cents per kilowatthour,million kilowatthours
2022-10,ESC,East South Central,RES,residential,13.77,7690.47221,cents per kilowatthour,million kilowatthours
2022-10,SAT,South Atlantic,RES,residential,14.16,25649.63054,cents per kilowatthour,million kilowatthours
2022-10,PACN,Pacific Noncontiguous,RES,residential,36.5,407.60391,cents per kilowatthour,million kilowatthours
2022-10,WNC,West North Central,RES,residential,13.15,6775.03855,cents per kilowatthour,million kilowatthours
2022-10,ENC,East North Central,RES,residential,16.57,11878.44395,cents per kilowatthour,million kilowatthours
2022-10,MAT,Middle Atlantic,RES,residential,19.61,8789.60719,cents per kilowatthour,million kilowatthours
2022-10,NEW,New England,RES,residential,25.58,3286.13623,cents per kilowatthour,million kilowatthours
2022-10,WY,Wyoming,RES,residential,12,183.94483,cents per kilowatthour,million kilowatthours
2022-10,WI,Wisconsin,RES,residential,16.24,1510.33004,cents per kilowatthour,million kilowatthours
2022-10,WV,West Virginia,RES,residential,14.38,693.75457,cents per kilowatthour,million kilowatthours
2022-10,WA,Washington,RES,residential,10.62,2446.59776,cents per kilowatthour,million kilowatthours
2022-10,VA,Virginia,RES,residential,14.41,2792.05804,cents per kilowatthour,million kilowatthours
2022-10,VT,Vermont,RES,residential,20.91,153.52891,cents per kilowatthour,million kilowatthours
2022-10,UT,Utah,RES,residential,10.87,740.20671,cents per kilowatthour,million kilowatthours
2022-10,TX,Texas,RES,residential,14.94,12038.37318,cents per kilowatthour,million kilowatthours
2022-10,TN,Tennessee,RES,residential,12.94,2730.14459,cents per kilowatthour,million kilowatthours
2022-10,SD,South Dakota,RES,residential,13.18,328.67784,cents per kilowatthour,million kilowatthours
2022-10,SC,South Carolina,RES,residential,14.07,1992.28221,cents per kilowatthour,million kilowatthours
2022-10,RI,Rhode Island,RES,residential,24.6,201.5044,cents per kilowatthour,million kilowatthours
2022-10,PA,Pennsylvania,RES,residential,17.51,3604.82471,cents per kilowatthour,million kilowatthours
2022-10,OR,Oregon,RES,residential,11.99,1327.91328,cents per kilowatthour,million kilowatthours
2022-10,ND,North Dakota,RES,residential,11.75,330.07773,cents per kilowatthour,million kilowatthours
2022-10,NC,North Carolina,RES,residential,12.97,3728.81417,cents per kilowatthour,million kilowatthours
2022-10,NY,New York,RES,residential,23.26,3550.87459,cents per kilowatthour,million kilowatthours
2022-10,NM,New Mexico,RES,residential,14.36,499.65566,cents per kilowatthour,million kilowatthours
2022-10,OK,Oklahoma,RES,residential,14.27,1515.89324,cents per kilowatthour,million kilowatthours
2022-10,OH,Ohio,RES,residential,15.08,3300.51906,cents per kilowatthour,million kilowatthours
2022-10,NH,New Hampshire,RES,residential,30.43,306.3912,cents per kilowatthour,million kilowatthours
2022-10,NV,Nevada,RES,residential,15.19,1008.61006,cents per kilowatthour,million kilowatthours
2022-10,NE,Nebraska,RES,residential,11.86,649.47069,cents per kilowatthour,million kilowatthours
2022-10,MT,Montana,RES,residential,12.42,348.14831,cents per kilowatthour,million kilowatthours
2022-10,MO,Missouri,RES,residential,11.58,2179.23749,cents per kilowatthour,million kilowatthours
2022-10,MS,Mississippi,RES,residential,13.2,1322.22914,cents per kilowatthour,million kilowatthours
2022-10,MN,Minnesota,RES,residential,15.07,1496.64739,cents per kilowatthour,million kilowatthours
2022-10,MI,Michigan,RES,residential,18.28,2290.06909,cents per kilowatthour,million kilowatthours
2022-10,MA,Massachusetts,RES,residential,26.15,1447.26959,cents per kilowatthour,million kilowatthours
2022-10,MD,Maryland,RES,residential,15.84,1711.10053,cents per kilowatthour,million kilowatthours
2022-10,ME,Maine,RES,residential,22.97,339.88712,cents per kilowatthour,million kilowatthours
2022-10,LA,Louisiana,RES,residential,14.29,2319.75374,cents per kilowatthour,million kilowatthours
2022-10,KY,Kentucky,RES,residential,14.06,1590.69845,cents per kilowatthour,million kilowatthours
2022-10,KS,Kansas,RES,residential,14.95,894.24518,cents per kilowatthour,million kilowatthours
2022-10,IA,Iowa,RES,residential,13.43,896.68223,cents per kilowatthour,million kilowatthours
2022-10,IN,Indiana,RES,residential,16.7,2002.30263,cents per kilowatthour,million kilowatthours
2022-10,IL,Illinois,RES,residential,17.02,2775.22314,cents per kilowatthour,million kilowatthours
2022-10,ID,Idaho,RES,residential,11.19,600.57294,cents per kilowatthour,million kilowatthours
2022-09,TN,Tennessee,RES,residential,12.69,3826.82364,cents per kilowatthour,million kilowatthours
2022-09,OR,Oregon,RES,residential,11.78,1345.16416,cents per kilowatthour,million kilowatthours
2022-09,OK,Oklahoma,RES,residential,14.2,2191.69105,cents per kilowatthour,million kilowatthours
2022-09,OH,Ohio,RES,residential,14.94,3992.805,cents per kilowatthour,million kilowatthours
2022-09,MN,Minnesota,RES,residential,15.53,1725.50059,cents per kilowatthour,million kilowatthours
2022-09,MI,Michigan,RES,residential,18.29,2675.70835,cents per kilowatthour,million kilowatthours
2022-09,MA,Massachusetts,RES,residential,27.56,1785.82224,cents per kilowatthour,million kilowatthours
2022-09,MD,Maryland,RES,residential,14.55,2061.56355,cents per kilowatthour,million kilowatthours
2022-09,ME,Maine,RES,residential,23.17,395.0012,cents per kilowatthour,million kilowatthours
2022-09,ND,North Dakota,RES,residential,13.06,310.5769,cents per kilowatthour,million kilowatthours
2022-09,NC,North Carolina,RES,residential,12.64,4817.81107,cents per kilowatthour,million kilowatthours
2022-09,NY,New York,RES,residential,23.95,4871.89367,cents per kilowatthour,million kilowatthours
2022-09,NM,New Mexico,RES,residential,14.98,610.83349,cents per kilowatthour,million kilowatthours
2022-09,NJ,New Jersey,RES,residential,16.59,2417.13795,cents per kilowatthour,million kilowatthours
2022-09,NH,New Hampshire,RES,residential,32.26,360.78181,cents per kilowatthour,million kilowatthours
2022-09,NV,Nevada,RES,residential,13.77,1527.72291,cents per kilowatthour,million kilowatthours
2022-09,NE,Nebraska,RES,residential,12.02,851.36451,cents per kilowatthour,million kilowatthours
2022-09,MT,Montana,RES,residential,11.7,415.78378,cents per kilowatthour,million kilowatthours
2022-09,MO,Missouri,RES,residential,13.47,2864.86221,cents per kilowatthour,million kilowatthours
2022-09,MS,Mississippi,RES,residential,13.02,1737.28016,cents per kilowatthour,million kilowatthours
2022-09,LA,Louisiana,RES,residential,14.26,2906.24556,cents per kilowatthour,million kilowatthours
2022-09,KY,Kentucky,RES,residential,13.48,2050.56637,cents per kilowatthour,million kilowatthours
2022-09,KS,Kansas,RES,residential,14.6,1306.26846,cents per kilowatthour,million kilowatthours
2022-09,IA,Iowa,RES,residential,14.34,1078.47875,cents per kilowatthour,million kilowatthours
2022-09,IN,Indiana,RES,residential,14.99,2613.93717,cents per kilowatthour,million kilowatthours
2022-09,IL,Illinois,RES,residential,16.81,3714.87365,cents per kilowatthour,million kilowatthours
2022-09,ID,Idaho,RES,residential,10.47,650.28976,cents per kilowatthour,million kilowatthours
2022-09,HI,Hawaii,RES,residential,45.59,241.10412,cents per kilowatthour,million kilowatthours
2022-09,GA,Georgia,RES,residential,14.87,5119.42987,cents per kilowatthour,million kilowatthours
2022-09,FL,Florida,RES,residential,14.55,12890.223,cents per kilowatthour,million kilowatthours
2022-09,DC,District of Columbia,RES,residential,13.96,220.43734,cents per kilowatthour,million kilowatthours
2022-09,DE,Delaware,RES,residential,14.18,464.46797,cents per kilowatthour,million kilowatthours
2022-09,CT,Connecticut,RES,residential,28.67,952.80038,cents per kilowatthour,million kilowatthours
2022-09,CO,Colorado,RES,residential,15,1748.78515,cents per kilowatthour,million kilowatthours
2022-09,SD,South Dakota,RES,residential,12.97,381.78209,cents per kilowatthour,million kilowatthours
2022-09,SC,South Carolina,RES,residential,14.5,2707.58411,cents per kilowatthour,million kilowatthours
2022-09,RI,Rhode Island,RES,residential,24.39,262.11683,cents per kilowatthour,million kilowatthours
2022-09,PA,Pennsylvania,RES,residential,17.06,4340.24771,cents per kilowatthour,million kilowatthours
2022-09,CA,California,RES,residential,25.96,10324.49803,cents per kilowatthour,million kilowatthours
2022-09,AR,Arkansas,RES,residential,13.21,1685.21873,cents per kilowatthour,million kilowatthours
2022-09,AZ,Arizona,RES,residential,13.27,4121.31293,cents per kilowatthour,million kilowatthours
2022-09,AK,Alaska,RES,residential,23.18,142.61841,cents per kilowatthour,million kilowatthours
2022-09,US,U.S. Total,RES,residential,16.19,129241.3183,cents per kilowatthour,million kilowatthours
2022-09,PACN,Pacific Noncontiguous,RES,residential,37.26,383.72253,cents per kilowatthour,million kilowatthours
2022-09,PACC,Pacific Contiguous,RES,residential,21.91,14168.28745,cents per kilowatthour,million kilowatthours
2022-09,MTN,Mountain,RES,residential,13.28,10311.6558,cents per kilowatthour,million kilowatthours
2022-09,WSC,West South Central,RES,residential,14.52,22782.84774,cents per kilowatthour,million kilowatthours
2022-09,ESC,East South Central,RES,residential,13.65,10398.15492,cents per kilowatthour,million kilowatthours
2022-09,SAT,South Atlantic,RES,residential,14.29,32403.80319,cents per kilowatthour,million kilowatthours
2022-09,WNC,West North Central,RES,residential,13.99,8518.83351,cents per kilowatthour,million kilowatthours
2022-09,ENC,East North Central,RES,residential,16.2,14729.91375,cents per kilowatthour,million kilowatthours
2022-09,MAT,Middle Atlantic,RES,residential,19.85,11629.27933,cents per kilowatthour,million kilowatthours
2022-09,NEW,New England,RES,residential,27.32,3914.82009,cents per kilowatthour,million kilowatthours
2022-09,WY,Wyoming,RES,residential,11.94,189.02502,cents per kilowatthour,million kilowatthours
2022-09,WI,Wisconsin,RES,residential,16.42,1732.58959,cents per kilowatthour,million kilowatthours
2022-09,AL,Alabama,RES,residential,15.48,2783.48475,cents per kilowatthour,million kilowatthours
2022-09,WV,West Virginia,RES,residential,14.03,699.85896,cents per kilowatthour,million kilowatthours
2022-09,WA,Washington,RES,residential,10.6,2498.62526,cents per kilowatthour,million kilowatthours
2022-09,VA,Virginia,RES,residential,14.58,3422.42732,cents per kilowatthour,million kilowatthours
2022-09,VT,Vermont,RES,residential,20.42,158.29764,cents per kilowatthour,million kilowatthours
2022-09,UT,Utah,RES,residential,11.38,1047.90276,cents per kilowatthour,million kilowatthours
2022-09,TX,Texas,RES,residential,14.75,15999.69242,cents per kilowatthour,million kilowatthours
2022-08,PACN,Pacific Noncontiguous,RES,residential,37.49,391.36964,cents per kilowatthour,million kilowatthours
2022-08,NV,Nevada,RES,residential,13.56,1866.73668,cents per kilowatthour,million kilowatthours
2022-08,NE,Nebraska,RES,residential,11.62,1111.43005,cents per kilowatthour,million kilowatthours
2022-08,MT,Montana,RES,residential,11.53,511.32837,cents per kilowatthour,million kilowatthours
2022-08,MO,Missouri,RES,residential,13.96,3883.3094,cents per kilowatthour,million kilowatthours
2022-08,MS,Mississippi,RES,residential,12.33,2034.51023,cents per kilowatthour,million kilowatthours
2022-08,MN,Minnesota,RES,residential,15.26,2126.80186,cents per kilowatthour,million kilowatthours
2022-08,MI,Michigan,RES,residential,18.07,3523.57569,cents per kilowatthour,million kilowatthours
2022-08,MA,Massachusetts,RES,residential,26.46,2131.69953,cents per kilowatthour,million kilowatthours
2022-08,MD,Maryland,RES,residential,14.24,2799.70036,cents per kilowatthour,million kilowatthours
2022-08,ME,Maine,RES,residential,21.08,484.67,cents per kilowatthour,million kilowatthours
2022-08,LA,Louisiana,RES,residential,14.14,3302.83352,cents per kilowatthour,million kilowatthours
2022-08,VA,Virginia,RES,residential,14.14,4510.41723,cents per kilowatthour,million kilowatthours
2022-08,VT,Vermont,RES,residential,19.85,200.63292,cents per kilowatthour,million kilowatthours
2022-08,UT,Utah,RES,residential,11.33,1294.93514,cents per kilowatthour,million kilowatthours
2022-08,TX,Texas,RES,residential,14.12,19798.8313,cents per kilowatthour,million kilowatthours
2022-08,KY,Kentucky,RES,residential,13.57,2691.4351,cents per kilowatthour,million kilowatthours
2022-08,KS,Kansas,RES,residential,14.77,1700.46665,cents per kilowatthour,million kilowatthours
2022-08,IA,Iowa,RES,residential,15.37,1449.73318,cents per kilowatthour,million kilowatthours
2022-08,IN,Indiana,RES,residential,15.15,3564.95676,cents per kilowatthour,million kilowatthours
2022-08,IL,Illinois,RES,residential,16.73,4908.90265,cents per kilowatthour,million kilowatthours
2022-08,ID,Idaho,RES,residential,10.73,906.99803,cents per kilowatthour,million kilowatthours
2022-08,HI,Hawaii,RES,residential,45.56,245.86998,cents per kilowatthour,million kilowatthours
2022-08,GA,Georgia,RES,residential,15.97,6405.92331,cents per kilowatthour,million kilowatthours
2022-08,SD,South Dakota,RES,residential,12.98,462.13325,cents per kilowatthour,million kilowatthours
2022-08,SC,South Carolina,RES,residential,14.27,3364.72315,cents per kilowatthour,million kilowatthours
2022-08,RI,Rhode Island,RES,residential,21.45,383.40439,cents per kilowatthour,million kilowatthours
2022-08,PA,Pennsylvania,RES,residential,16.34,5626.34281,cents per kilowatthour,million kilowatthours
2022-08,OR,Oregon,RES,residential,11.69,1721.75449,cents per kilowatthour,million kilowatthours
2022-08,OK,Oklahoma,RES,residential,14.31,2915.84806,cents per kilowatthour,million kilowatthours
2022-08,OH,Ohio,RES,residential,14.87,5284.98534,cents per kilowatthour,million kilowatthours
2022-08,PACC,Pacific Contiguous,RES,residential,21.74,15478.03175,cents per kilowatthour,million kilowatthours
2022-08,MTN,Mountain,RES,residential,13.16,12494.57564,cents per kilowatthour,million kilowatthours
2022-08,ND,North Dakota,RES,residential,12.76,367.53903,cents per kilowatthour,million kilowatthours
2022-08,NC,North Carolina,RES,residential,11.87,6309.15834,cents per kilowatthour,million kilowatthours
2022-08,NY,New York,RES,residential,21.2,5944.88409,cents per kilowatthour,million kilowatthours
2022-08,NM,New Mexico,RES,residential,14.81,777.40614,cents per kilowatthour,million kilowatthours
2022-08,NJ,New Jersey,RES,residential,17.24,4026.18402,cents per kilowatthour,million kilowatthours
2022-08,NH,New Hampshire,RES,residential,27.42,518.88639,cents per kilowatthour,million kilowatthours
2022-08,WSC,West South Central,RES,residential,14.05,28104.05174,cents per kilowatthour,million kilowatthours
2022-08,ESC,East South Central,RES,residential,13.95,12625.48521,cents per kilowatthour,million kilowatthours
2022-08,SAT,South Atlantic,RES,residential,14.04,39866.8086,cents per kilowatthour,million kilowatthours
2022-08,WNC,West North Central,RES,residential,14.2,11101.41342,cents per kilowatthour,million kilowatthours
2022-08,ENC,East North Central,RES,residential,16.07,19424.87636,cents per kilowatthour,million kilowatthours
2022-08,MAT,Middle Atlantic,RES,residential,18.43,15597.41091,cents per kilowatthour,million kilowatthours
2022-08,NEW,New England,RES,residential,25.44,5187.44364,cents per kilowatthour,million kilowatthours
2022-08,WY,Wyoming,RES,residential,11.89,228.53942,cents per kilowatthour,million kilowatthours
2022-08,WI,Wisconsin,RES,residential,15.72,2142.45592,cents per kilowatthour,million kilowatthours
2022-08,WV,West Virginia,RES,residential,13.83,951.77036,cents per kilowatthour,million kilowatthours
2022-08,WA,Washington,RES,residential,10.41,2987.80951,cents per kilowatthour,million kilowatthours
2022-08,AL,Alabama,RES,residential,15.43,3362.92716,cents per kilowatthour,million kilowatthours
2022-08,CO,Colorado,RES,residential,14.74,2253.91184,cents per kilowatthour,million kilowatthours
2022-08,CA,California,RES,residential,26.49,10768.46775,cents per kilowatthour,million kilowatthours
2022-08,AR,Arkansas,RES,residential,12.83,2086.53886,cents per kilowatthour,million kilowatthours
2022-08,AZ,Arizona,RES,residential,13.18,4654.72002,cents per kilowatthour,million kilowatthours
2022-08,AK,Alaska,RES,residential,23.86,145.49966,cents per kilowatthour,million kilowatthours
2022-08,FL,Florida,RES,residential,14.06,14679.97258,cents per kilowatthour,million kilowatthours
2022-08,DC,District of Columbia,RES,residential,14.06,269.03647,cents per kilowatthour,million kilowatthours
2022-08,DE,Delaware,RES,residential,13.32,576.1068,cents per kilowatthour,million kilowatthours
2022-08,CT,Connecticut,RES,residential,26.5,1468.1504,cents per kilowatthour,million kilowatthours
2022-08,TN,Tennessee,RES,residential,13.81,4536.61273,cents per kilowatthour,million kilowatthours
2022-08,US,U.S. Total,RES,residential,15.82,160271.46691,cents per kilowatthour,million kilowatthours
2022-07,NY,New York,RES,residential,21.88,5637.79053,cents per kilowatthour,million kilowatthours
2022-07,RI,Rhode Island,RES,residential,19.4,375.06287,cents per kilowatthour,million kilowatthours
2022-07,PA,Pennsylvania,RES,residential,16.48,5492.33218,cents per kilowatthour,million kilowatthours
2022-07,MS,Mississippi,RES,residential,12.08,2157.94989,cents per kilowatthour,million kilowatthours
2022-07,MN,Minnesota,RES,residential,15.25,2258.44699,cents per kilowatthour,million kilowatthours
2022-07,MI,Michigan,RES,residential,18.11,3738.5809,cents per kilowatthour,million kilowatthours
2022-07,MA,Massachusetts,RES,residential,23.76,1918.35206,cents per kilowatthour,million kilowatthours
2022-07,MD,Maryland,RES,residential,14.22,2909.94044,cents per kilowatthour,million kilowatthours
2022-07,ME,Maine,RES,residential,22.99,399.76174,cents per kilowatthour,million kilowatthours
2022-07,LA,Louisiana,RES,residential,14.09,3645.41774,cents per kilowatthour,million kilowatthours
2022-07,KY,Kentucky,RES,residential,13.28,2865.62799,cents per kilowatthour,million kilowatthours
2022-07,KS,Kansas,RES,residential,14.77,1727.52323,cents per kilowatthour,million kilowatthours
2022-07,IA,Iowa,RES,residential,15.69,1537.81702,cents per kilowatthour,million kilowatthours
2022-07,IN,Indiana,RES,residential,14.54,3575.09911,cents per kilowatthour,million kilowatthours
2022-07,IL,Illinois,RES,residential,16.36,5260.59156,cents per kilowatthour,million kilowatthours
2022-07,ID,Idaho,RES,residential,11.18,911.23875,cents per kilowatthour,million kilowatthours
2022-07,HI,Hawaii,RES,residential,45.11,237.31857,cents per kilowatthour,million kilowatthours
2022-07,GA,Georgia,RES,residential,15.81,6932.02956,cents per kilowatthour,million kilowatthours
2022-07,FL,Florida,RES,residential,13.91,14660.67379,cents per kilowatthour,million kilowatthours
2022-07,DC,District of Columbia,RES,residential,13.86,270.1728,cents per kilowatthour,million kilowatthours
2022-07,DE,Delaware,RES,residential,13.38,530.45298,cents per kilowatthour,million kilowatthours
2022-07,CT,Connecticut,RES,residential,19.39,1470.26413,cents per kilowatthour,million kilowatthours
2022-07,CO,Colorado,RES,residential,14.42,2278.177,cents per kilowatthour,million kilowatthours
2022-07,CA,California,RES,residential,26.18,8972.98522,cents per kilowatthour,million kilowatthours
2022-07,AR,Arkansas,RES,residential,12.93,2211.67897,cents per kilowatthour,million kilowatthours
2022-07,AZ,Arizona,RES,residential,13.08,5160.66421,cents per kilowatthour,million kilowatthours
2022-07,AK,Alaska,RES,residential,24.36,145.53851,cents per kilowatthour,million kilowatthours
2022-07,US,U.S. Total,RES,residential,15.31,164276.57789,cents per kilowatthour,million kilowatthours
2022-07,PACN,Pacific Noncontiguous,RES,residential,37.22,382.85708,cents per kilowatthour,million kilowatthours
2022-07,PACC,Pacific Contiguous,RES,residential,21.09,13491.55758,cents per kilowatthour,million kilowatthours
2022-07,MTN,Mountain,RES,residential,13.1,13318.79565,cents per kilowatthour,million kilowatthours
2022-07,WSC,West South Central,RES,residential,13.65,29833.3314,cents per kilowatthour,million kilowatthours
2022-07,ESC,East South Central,RES,residential,13.39,13545.11758,cents per kilowatthour,million kilowatthours
2022-07,SAT,South Atlantic,RES,residential,13.87,41472.50783,cents per kilowatthour,million kilowatthours
2022-07,WNC,West North Central,RES,residential,14.16,11616.51036,cents per kilowatthour,million kilowatthours
2022-07,ENC,East North Central,RES,residential,15.82,20474.22769,cents per kilowatthour,million kilowatthours
2022-07,MAT,Middle Atlantic,RES,residential,18.64,15302.24812,cents per kilowatthour,million kilowatthours
2022-07,NEW,New England,RES,residential,21.68,4839.42458,cents per kilowatthour,million kilowatthours
2022-07,WY,Wyoming,RES,residential,11.8,238.30112,cents per kilowatthour,million kilowatthours
2022-07,WI,Wisconsin,RES,residential,15.66,2267.7518,cents per kilowatthour,million kilowatthours
2022-07,WV,West Virginia,RES,residential,13.74,953.00238,cents per kilowatthour,million kilowatthours
2022-07,WA,Washington,RES,residential,10.45,2820.20053,cents per kilowatthour,million kilowatthours
2022-07,VA,Virginia,RES,residential,14.23,4873.58351,cents per kilowatthour,million kilowatthours
2022-07,NM,New Mexico,RES,residential,14.84,819.06867,cents per kilowatthour,million kilowatthours
2022-07,NJ,New Jersey,RES,residential,17.1,4172.12541,cents per kilowatthour,million kilowatthours
2022-07,NH,New Hampshire,RES,residential,21.77,482.44593,cents per kilowatthour,million kilowatthours
2022-07,NV,Nevada,RES,residential,13.48,2034.00755,cents per kilowatthour,million kilowatthours
2022-07,VT,Vermont,RES,residential,19.89,193.53785,cents per kilowatthour,million kilowatthours
2022-07,UT,Utah,RES,residential,11.4,1454.0277,cents per kilowatthour,million kilowatthours
2022-07,TX,Texas,RES,residential,13.71,20742.40778,cents per kilowatthour,million kilowatthours
2022-07,TN,Tennessee,RES,residential,12.93,4814.39684,cents per kilowatthour,million kilowatthours
2022-07,SD,South Dakota,RES,residential,13,467.44511,cents per kilowatthour,million kilowatthours
2022-07,SC,South Carolina,RES,residential,13.7,3661.56189,cents per kilowatthour,million kilowatthours
2022-07,NE,Nebraska,RES,residential,11.9,1114.99287,cents per kilowatthour,million kilowatthours
2022-07,MT,Montana,RES,residential,11.66,423.31064,cents per kilowatthour,million kilowatthours
2022-07,MO,Missouri,RES,residential,13.62,4131.86826,cents per kilowatthour,million kilowatthours
2022-07,AL,Alabama,RES,residential,14.83,3707.14287,cents per kilowatthour,million kilowatthours
2022-07,OR,Oregon,RES,residential,11.82,1698.37183,cents per kilowatthour,million kilowatthours
2022-07,OK,Oklahoma,RES,residential,13.22,3233.82691,cents per kilowatthour,million kilowatthours
2022-07,OH,Ohio,RES,residential,14.66,5632.20432,cents per kilowatthour,million kilowatthours
2022-07,ND,North Dakota,RES,residential,12.56,378.41688,cents per kilowatthour,million kilowatthours
2022-07,NC,North Carolina,RES,residential,11.52,6681.09049,cents per kilowatthour,million kilowatthours
2022-06,MI,Michigan,RES,residential,18.2,3130.84475,cents per kilowatthour,million kilowatthours
2022-06,SAT,South Atlantic,RES,residential,13.62,35737.46304,cents per kilowatthour,million kilowatthours
2022-06,WNC,West North Central,RES,residential,13.95,9561.2068,cents per kilowatthour,million kilowatthours
2022-06,US,U.S. Total,RES,residential,15.3,136310.28781,cents per kilowatthour,million kilowatthours
2022-06,PACN,Pacific Noncontiguous,RES,residential,36.61,362.98627,cents per kilowatthour,million kilowatthours
2022-06,TN,Tennessee,RES,residential,12.2,3742.43474,cents per kilowatthour,million kilowatthours
2022-06,SD,South Dakota,RES,residential,13.25,372.6362,cents per kilowatthour,million kilowatthours
2022-06,SC,South Carolina,RES,residential,13.67,3142.33263,cents per kilowatthour,million kilowatthours
2022-06,RI,Rhode Island,RES,residential,23.52,195.27368,cents per kilowatthour,million kilowatthours
2022-06,PA,Pennsylvania,RES,residential,16.36,4383.46812,cents per kilowatthour,million kilowatthours
2022-06,OR,Oregon,RES,residential,11.88,1354.85731,cents per kilowatthour,million kilowatthours
2022-06,PACC,Pacific Contiguous,RES,residential,22.32,11516.10469,cents per kilowatthour,million kilowatthours
2022-06,MTN,Mountain,RES,residential,13.03,10753.67243,cents per kilowatthour,million kilowatthours
2022-06,WSC,West South Central,RES,residential,13.34,25052.96064,cents per kilowatthour,million kilowatthours
2022-06,ESC,East South Central,RES,residential,13.14,11165.41537,cents per kilowatthour,million kilowatthours
2022-06,ENC,East North Central,RES,residential,15.8,17117.123,cents per kilowatthour,million kilowatthours
2022-06,MAT,Middle Atlantic,RES,residential,18.78,11433.85216,cents per kilowatthour,million kilowatthours
2022-06,NEW,New England,RES,residential,24.46,3609.50345,cents per kilowatthour,million kilowatthours
2022-06,WV,West Virginia,RES,residential,13.73,812.67283,cents per kilowatthour,million kilowatthours
2022-06,WA,Washington,RES,residential,10.52,2560.68366,cents per kilowatthour,million kilowatthours
2022-06,VA,Virginia,RES,residential,13.32,3856.94486,cents per kilowatthour,million kilowatthours
2022-06,VT,Vermont,RES,residential,20.16,157.79696,cents per kilowatthour,million kilowatthours
2022-06,UT,Utah,RES,residential,11.09,1024.1927,cents per kilowatthour,million kilowatthours
2022-06,WY,Wyoming,RES,residential,11.74,199.90641,cents per kilowatthour,million kilowatthours
2022-06,WI,Wisconsin,RES,residential,16.2,1938.92423,cents per kilowatthour,million kilowatthours
2022-06,TX,Texas,RES,residential,13.49,17653.23722,cents per kilowatthour,million kilowatthours
2022-06,MA,Massachusetts,RES,residential,25.02,1492.61157,cents per kilowatthour,million kilowatthours
2022-06,MD,Maryland,RES,residential,14.61,2274.33026,cents per kilowatthour,million kilowatthours
2022-06,ME,Maine,RES,residential,24.11,356.43755,cents per kilowatthour,million kilowatthours
2022-06,LA,Louisiana,RES,residential,13.04,3232.64444,cents per kilowatthour,million kilowatthours
2022-06,KY,Kentucky,RES,residential,13.16,2344.68515,cents per kilowatthour,million kilowatthours
2022-06,KS,Kansas,RES,residential,14.38,1448.26046,cents per kilowatthour,million kilowatthours
2022-06,IA,Iowa,RES,residential,15.06,1267.71599,cents per kilowatthour,million kilowatthours
2022-06,IN,Indiana,RES,residential,14.41,2924.81644,cents per kilowatthour,million kilowatthours
2022-06,IL,Illinois,RES,residential,16.58,4444.20179,cents per kilowatthour,million kilowatthours
2022-06,ID,Idaho,RES,residential,11.32,644.20107,cents per kilowatthour,million kilowatthours
2022-06,HI,Hawaii,RES,residential,44.31,224.56373,cents per kilowatthour,million kilowatthours
2022-06,GA,Georgia,RES,residential,15.07,6175.89162,cents per kilowatthour,million kilowatthours
2022-06,FL,Florida,RES,residential,13.85,13111.16659,cents per kilowatthour,million kilowatthours
2022-06,DC,District of Columbia,RES,residential,13.82,225.95654,cents per kilowatthour,million kilowatthours
2022-06,DE,Delaware,RES,residential,13.34,417.58222,cents per kilowatthour,million kilowatthours
2022-06,CT,Connecticut,RES,residential,25.25,1042.16104,cents per kilowatthour,million kilowatthours
2022-06,CO,Colorado,RES,residential,14.29,1810.53292,cents per kilowatthour,million kilowatthours
2022-06,CA,California,RES,residential,28.16,7600.56372,cents per kilowatthour,million kilowatthours
2022-06,AR,Arkansas,RES,residential,12.78,1667.65074,cents per kilowatthour,million kilowatthours
2022-06,AZ,Arizona,RES,residential,13.21,4415.54445,cents per kilowatthour,million kilowatthours
2022-06,AK,Alaska,RES,residential,24.11,138.42254,cents per kilowatthour,million kilowatthours
2022-06,AL,Alabama,RES,residential,14.64,3246.49856,cents per kilowatthour,million kilowatthours
2022-06,OK,Oklahoma,RES,residential,13.02,2499.42823,cents per kilowatthour,million kilowatthours
2022-06,OH,Ohio,RES,residential,14.15,4678.33579,cents per kilowatthour,million kilowatthours
2022-06,ND,North Dakota,RES,residential,13.14,321.92757,cents per kilowatthour,million kilowatthours
2022-06,NC,North Carolina,RES,residential,11.33,5720.5855,cents per kilowatthour,million kilowatthours
2022-06,NY,New York,RES,residential,22.36,4263.37621,cents per kilowatthour,million kilowatthours
2022-06,NM,New Mexico,RES,residential,13.87,710.19131,cents per kilowatthour,million kilowatthours
2022-06,NJ,New Jersey,RES,residential,17.13,2787.00783,cents per kilowatthour,million kilowatthours
2022-06,NH,New Hampshire,RES,residential,22.67,365.22265,cents per kilowatthour,million kilowatthours
2022-06,NV,Nevada,RES,residential,13.16,1581.21929,cents per kilowatthour,million kilowatthours
2022-06,NE,Nebraska,RES,residential,11.46,902.82641,cents per kilowatthour,million kilowatthours
2022-06,MT,Montana,RES,residential,11.56,367.88429,cents per kilowatthour,million kilowatthours
2022-06,MO,Missouri,RES,residential,13.52,3328.5802,cents per kilowatthour,million kilowatthours
2022-06,MS,Mississippi,RES,residential,12.39,1831.79691,cents per kilowatthour,million kilowatthours
2022-06,MN,Minnesota,RES,residential,15.1,1919.25998,cents per kilowatthour,million kilowatthours
2022-05,VA,Virginia,RES,residential,12.82,3118.69741,cents per kilowatthour,million kilowatthours
2022-05,MI,Michigan,RES,residential,17.94,2584.36489,cents per kilowatthour,million kilowatthours
2022-05,MA,Massachusetts,RES,residential,23.72,1408.67267,cents per kilowatthour,million kilowatthours
2022-05,MD,Maryland,RES,residential,14.17,1859.19302,cents per kilowatthour,million kilowatthours
2022-05,ME,Maine,RES,residential,25.67,353.65399,cents per kilowatthour,million kilowatthours
2022-05,LA,Louisiana,RES,residential,12.22,2389.13934,cents per kilowatthour,million kilowatthours
2022-05,DE,Delaware,RES,residential,14.29,339.40319,cents per kilowatthour,million kilowatthours
2022-05,CT,Connecticut,RES,residential,24.8,922.88105,cents per kilowatthour,million kilowatthours
2022-05,CO,Colorado,RES,residential,13.67,1458.34031,cents per kilowatthour,million kilowatthours
2022-05,KY,Kentucky,RES,residential,12.85,1843.05034,cents per kilowatthour,million kilowatthours
2022-05,HI,Hawaii,RES,residential,43.31,223.8929,cents per kilowatthour,million kilowatthours
2022-05,GA,Georgia,RES,residential,14.19,4723.07084,cents per kilowatthour,million kilowatthours
2022-05,FL,Florida,RES,residential,13.52,11237.79759,cents per kilowatthour,million kilowatthours
2022-05,DC,District of Columbia,RES,residential,14.83,170.95509,cents per kilowatthour,million kilowatthours
2022-05,KS,Kansas,RES,residential,13.98,1050.83984,cents per kilowatthour,million kilowatthours
2022-05,IA,Iowa,RES,residential,14.19,1043.91724,cents per kilowatthour,million kilowatthours
2022-05,IN,Indiana,RES,residential,14.93,2335.99712,cents per kilowatthour,million kilowatthours
2022-05,IL,Illinois,RES,residential,15.02,3557.28214,cents per kilowatthour,million kilowatthours
2022-05,ID,Idaho,RES,residential,10.25,635.13654,cents per kilowatthour,million kilowatthours
2022-05,NE,Nebraska,RES,residential,11.12,719.36309,cents per kilowatthour,million kilowatthours
2022-05,MT,Montana,RES,residential,11.17,418.27518,cents per kilowatthour,million kilowatthours
2022-05,MO,Missouri,RES,residential,11.4,2498.08803,cents per kilowatthour,million kilowatthours
2022-05,MS,Mississippi,RES,residential,12.87,1338.02728,cents per kilowatthour,million kilowatthours
2022-05,MN,Minnesota,RES,residential,14.6,1640.83587,cents per kilowatthour,million kilowatthours
2022-05,CA,California,RES,residential,27.21,6186.95556,cents per kilowatthour,million kilowatthours
2022-05,AR,Arkansas,RES,residential,12.4,1246.56997,cents per kilowatthour,million kilowatthours
2022-05,AZ,Arizona,RES,residential,13.15,3244.68055,cents per kilowatthour,million kilowatthours
2022-05,AK,Alaska,RES,residential,24.13,150.02935,cents per kilowatthour,million kilowatthours
2022-05,AL,Alabama,RES,residential,14.13,2494.73321,cents per kilowatthour,million kilowatthours
2022-05,US,U.S. Total,RES,residential,14.89,110070.73408,cents per kilowatthour,million kilowatthours
2022-05,PACN,Pacific Noncontiguous,RES,residential,35.62,373.92226,cents per kilowatthour,million kilowatthours
2022-05,PACC,Pacific Contiguous,RES,residential,20.52,10444.04111,cents per kilowatthour,million kilowatthours
2022-05,MTN,Mountain,RES,residential,12.66,8351.4465,cents per kilowatthour,million kilowatthours
2022-05,WSC,West South Central,RES,residential,13.03,18913.78941,cents per kilowatthour,million kilowatthours
2022-05,ESC,East South Central,RES,residential,12.91,8548.2628,cents per kilowatthour,million kilowatthours
2022-05,SAT,South Atlantic,RES,residential,13.32,29262.50013,cents per kilowatthour,million kilowatthours
2022-05,WNC,West North Central,RES,residential,12.87,7634.22045,cents per kilowatthour,million kilowatthours
2022-05,ENC,East North Central,RES,residential,15.29,13750.35883,cents per kilowatthour,million kilowatthours
2022-05,MAT,Middle Atlantic,RES,residential,18.1,9380.27622,cents per kilowatthour,million kilowatthours
2022-05,NEW,New England,RES,residential,23.73,3411.91639,cents per kilowatthour,million kilowatthours
2022-05,WY,Wyoming,RES,residential,11.5,207.09626,cents per kilowatthour,million kilowatthours
2022-05,VT,Vermont,RES,residential,20.25,153.20268,cents per kilowatthour,million kilowatthours
2022-05,UT,Utah,RES,residential,10.48,765.7922,cents per kilowatthour,million kilowatthours
2022-05,TX,Texas,RES,residential,13.34,13439.90599,cents per kilowatthour,million kilowatthours
2022-05,TN,Tennessee,RES,residential,11.89,2872.45197,cents per kilowatthour,million kilowatthours
2022-05,SD,South Dakota,RES,residential,12.56,354.64847,cents per kilowatthour,million kilowatthours
2022-05,SC,South Carolina,RES,residential,13.46,2486.58534,cents per kilowatthour,million kilowatthours
2022-05,RI,Rhode Island,RES,residential,19.93,234.28575,cents per kilowatthour,million kilowatthours
2022-05,PA,Pennsylvania,RES,residential,15.07,3623.73992,cents per kilowatthour,million kilowatthours
2022-05,OR,Oregon,RES,residential,11.65,1430.98275,cents per kilowatthour,million kilowatthours
2022-05,WI,Wisconsin,RES,residential,16.13,1648.67712,cents per kilowatthour,million kilowatthours
2022-05,OK,Oklahoma,RES,residential,12.28,1838.17412,cents per kilowatthour,million kilowatthours
2022-05,OH,Ohio,RES,residential,13.54,3624.03756,cents per kilowatthour,million kilowatthours
2022-05,ND,North Dakota,RES,residential,11.92,326.52791,cents per kilowatthour,million kilowatthours
2022-05,NC,North Carolina,RES,residential,11.68,4626.27705,cents per kilowatthour,million kilowatthours
2022-05,NY,New York,RES,residential,21.86,3604.33317,cents per kilowatthour,million kilowatthours
2022-05,NM,New Mexico,RES,residential,12.64,530.32623,cents per kilowatthour,million kilowatthours
2022-05,NJ,New Jersey,RES,residential,16.93,2152.20312,cents per kilowatthour,million kilowatthours
2022-05,NH,New Hampshire,RES,residential,23.02,339.22025,cents per kilowatthour,million kilowatthours
2022-05,NV,Nevada,RES,residential,13.55,1091.79924,cents per kilowatthour,million kilowatthours
2022-05,WV,West Virginia,RES,residential,13.96,700.52061,cents per kilowatthour,million kilowatthours
2022-05,WA,Washington,RES,residential,10.37,2826.1028,cents per kilowatthour,million kilowatthours
2022-04,SD,South Dakota,RES,residential,11.96,406.99042,cents per kilowatthour,million kilowatthours
2022-04,OR,Oregon,RES,residential,11.29,1623.76293,cents per kilowatthour,million kilowatthours
2022-04,OK,Oklahoma,RES,residential,12.24,1389.70892,cents per kilowatthour,million kilowatthours
2022-04,OH,Ohio,RES,residential,13.01,3529.99811,cents per kilowatthour,million kilowatthours
2022-04,ND,North Dakota,RES,residential,10.5,406.55066,cents per kilowatthour,million kilowatthours
2022-04,NC,North Carolina,RES,residential,11.8,3743.02233,cents per kilowatthour,million kilowatthours
2022-04,NY,New York,RES,residential,21.06,3536.87642,cents per kilowatthour,million kilowatthours
2022-04,NM,New Mexico,RES,residential,13.43,431.15805,cents per kilowatthour,million kilowatthours
2022-04,NJ,New Jersey,RES,residential,16.97,1761.79505,cents per kilowatthour,million kilowatthours
2022-04,NH,New Hampshire,RES,residential,23.13,337.93277,cents per kilowatthour,million kilowatthours
2022-04,NV,Nevada,RES,residential,13.88,811.84648,cents per kilowatthour,million kilowatthours
2022-04,NE,Nebraska,RES,residential,10.93,703.65326,cents per kilowatthour,million kilowatthours
2022-04,MT,Montana,RES,residential,10.96,457.02648,cents per kilowatthour,million kilowatthours
2022-04,MO,Missouri,RES,residential,10.98,2299.88624,cents per kilowatthour,million kilowatthours
2022-04,MS,Mississippi,RES,residential,12.92,1130.03453,cents per kilowatthour,million kilowatthours
2022-04,MN,Minnesota,RES,residential,13.96,1689.30683,cents per kilowatthour,million kilowatthours
2022-04,MI,Michigan,RES,residential,17.76,2456.34327,cents per kilowatthour,million kilowatthours
2022-04,MA,Massachusetts,RES,residential,24.21,1491.47368,cents per kilowatthour,million kilowatthours
2022-04,MD,Maryland,RES,residential,14.11,1779.48541,cents per kilowatthour,million kilowatthours
2022-04,US,U.S. Total,RES,residential,14.57,97431.84407,cents per kilowatthour,million kilowatthours
2022-04,SC,South Carolina,RES,residential,13.48,1903.33352,cents per kilowatthour,million kilowatthours
2022-04,RI,Rhode Island,RES,residential,20.27,274.77302,cents per kilowatthour,million kilowatthours
2022-04,PA,Pennsylvania,RES,residential,14.83,3826.91222,cents per kilowatthour,million kilowatthours
2022-04,PACN,Pacific Noncontiguous,RES,residential,33.66,372.02741,cents per kilowatthour,million kilowatthours
2022-04,PACC,Pacific Contiguous,RES,residential,17.28,10441.63203,cents per kilowatthour,million kilowatthours
2022-04,MTN,Mountain,RES,residential,12.56,7128.98102,cents per kilowatthour,million kilowatthours
2022-04,WSC,West South Central,RES,residential,12.95,14501.72161,cents per kilowatthour,million kilowatthours
2022-04,AL,Alabama,RES,residential,14.1,1987.43085,cents per kilowatthour,million kilowatthours
2022-04,AR,Arkansas,RES,residential,11.95,1155.10178,cents per kilowatthour,million kilowatthours
2022-04,AZ,Arizona,RES,residential,13.14,2403.24429,cents per kilowatthour,million kilowatthours
2022-04,AK,Alaska,RES,residential,22.83,159.84067,cents per kilowatthour,million kilowatthours
2022-04,KY,Kentucky,RES,residential,12.7,1701.28812,cents per kilowatthour,million kilowatthours
2022-04,KS,Kansas,RES,residential,13.96,826.33558,cents per kilowatthour,million kilowatthours
2022-04,IA,Iowa,RES,residential,12.16,1058.42618,cents per kilowatthour,million kilowatthours
2022-04,IN,Indiana,RES,residential,14.31,2199.15292,cents per kilowatthour,million kilowatthours
2022-04,IL,Illinois,RES,residential,14.98,2890.07871,cents per kilowatthour,million kilowatthours
2022-04,ID,Idaho,RES,residential,9.82,717.06629,cents per kilowatthour,million kilowatthours
2022-04,HI,Hawaii,RES,residential,41.81,212.18675,cents per kilowatthour,million kilowatthours
2022-04,GA,Georgia,RES,residential,13.23,3695.38452,cents per kilowatthour,million kilowatthours
2022-04,FL,Florida,RES,residential,13.67,9418.52973,cents per kilowatthour,million kilowatthours
2022-04,DC,District of Columbia,RES,residential,13.72,159.15487,cents per kilowatthour,million kilowatthours
2022-04,DE,Delaware,RES,residential,13.32,333.51269,cents per kilowatthour,million kilowatthours
2022-04,CT,Connecticut,RES,residential,27.1,849.40744,cents per kilowatthour,million kilowatthours
2022-04,CO,Colorado,RES,residential,13.71,1384.87975,cents per kilowatthour,million kilowatthours
2022-04,CA,California,RES,residential,23.28,5531.39779,cents per kilowatthour,million kilowatthours
2022-04,ME,Maine,RES,residential,25.29,397.84954,cents per kilowatthour,million kilowatthours
2022-04,LA,Louisiana,RES,residential,12.25,1823.82009,cents per kilowatthour,million kilowatthours
2022-04,ESC,East South Central,RES,residential,12.77,7632.34806,cents per kilowatthour,million kilowatthours
2022-04,SAT,South Atlantic,RES,residential,13.2,24610.65001,cents per kilowatthour,million kilowatthours
2022-04,WNC,West North Central,RES,residential,12.19,7391.14917,cents per kilowatthour,million kilowatthours
2022-04,ENC,East North Central,RES,residential,14.92,12717.49589,cents per kilowatthour,million kilowatthours
2022-04,MAT,Middle Atlantic,RES,residential,17.66,9125.58369,cents per kilowatthour,million kilowatthours
2022-04,NEW,New England,RES,residential,24.43,3510.25519,cents per kilowatthour,million kilowatthours
2022-04,WY,Wyoming,RES,residential,11.05,236.2325,cents per kilowatthour,million kilowatthours
2022-04,WI,Wisconsin,RES,residential,15.51,1641.92289,cents per kilowatthour,million kilowatthours
2022-04,WV,West Virginia,RES,residential,13.22,733.17876,cents per kilowatthour,million kilowatthours
2022-04,WA,Washington,RES,residential,10.14,3286.47131,cents per kilowatthour,million kilowatthours
2022-04,VA,Virginia,RES,residential,12.66,2845.04817,cents per kilowatthour,million kilowatthours
2022-04,VT,Vermont,RES,residential,20.02,158.81874,cents per kilowatthour,million kilowatthours
2022-04,UT,Utah,RES,residential,10.52,687.52716,cents per kilowatthour,million kilowatthours
2022-04,TX,Texas,RES,residential,13.29,10133.09082,cents per kilowatthour,million kilowatthours
2022-04,TN,Tennessee,RES,residential,11.81,2813.59456,cents per kilowatthour,million kilowatthours
2022-03,CT,Connecticut,RES,residential,25.62,1021.63229,cents per kilowatthour,million kilowatthours
2022-03,OK,Oklahoma,RES,residential,11.08,1748.80859,cents per kilowatthour,million kilowatthours
2022-03,OH,Ohio,RES,residential,12.72,4270.12149,cents per kilowatthour,million kilowatthours
2022-03,ND,North Dakota,RES,residential,10.03,503.03223,cents per kilowatthour,million kilowatthours
2022-03,NC,North Carolina,RES,residential,11.79,4370.82784,cents per kilowatthour,million kilowatthours
2022-03,NY,New York,RES,residential,20.75,4116.51871,cents per kilowatthour,million kilowatthours
2022-03,CO,Colorado,RES,residential,13.53,1619.53792,cents per kilowatthour,million kilowatthours
2022-03,CA,California,RES,residential,26.37,6264.94106,cents per kilowatthour,million kilowatthours
2022-03,AR,Arkansas,RES,residential,11.06,1531.27306,cents per kilowatthour,million kilowatthours
2022-03,AZ,Arizona,RES,residential,12.66,2180.205,cents per kilowatthour,million kilowatthours
2022-03,AK,Alaska,RES,residential,22.89,183.64111,cents per kilowatthour,million kilowatthours
2022-03,AL,Alabama,RES,residential,13.56,2255.4402,cents per kilowatthour,million kilowatthours
2022-03,MTN,Mountain,RES,residential,12.24,7529.947,cents per kilowatthour,million kilowatthours
2022-03,WSC,West South Central,RES,residential,12.42,16979.41784,cents per kilowatthour,million kilowatthours
2022-03,ESC,East South Central,RES,residential,12.24,8901.13564,cents per kilowatthour,million kilowatthours
2022-03,SAT,South Atlantic,RES,residential,12.98,27366.28336,cents per kilowatthour,million kilowatthours
2022-03,WNC,West North Central,RES,residential,11.64,8869.58737,cents per kilowatthour,million kilowatthours
2022-03,ENC,East North Central,RES,residential,14.56,14881.57622,cents per kilowatthour,million kilowatthours
2022-03,MAT,Middle Atlantic,RES,residential,17.39,10626.4126,cents per kilowatthour,million kilowatthours
2022-03,NEW,New England,RES,residential,24.47,3977.74558,cents per kilowatthour,million kilowatthours
2022-03,WY,Wyoming,RES,residential,10.67,277.03074,cents per kilowatthour,million kilowatthours
2022-03,WI,Wisconsin,RES,residential,15.32,1856.23322,cents per kilowatthour,million kilowatthours
2022-03,WV,West Virginia,RES,residential,13.32,928.09819,cents per kilowatthour,million kilowatthours
2022-03,WA,Washington,RES,residential,10.14,3842.13643,cents per kilowatthour,million kilowatthours
2022-03,VA,Virginia,RES,residential,12.37,3452.69808,cents per kilowatthour,million kilowatthours
2022-03,VT,Vermont,RES,residential,19.61,188.08916,cents per kilowatthour,million kilowatthours
2022-03,UT,Utah,RES,residential,10.45,781.59928,cents per kilowatthour,million kilowatthours
2022-03,TX,Texas,RES,residential,13.01,11516.68818,cents per kilowatthour,million kilowatthours
2022-03,TN,Tennessee,RES,residential,11.37,3286.48229,cents per kilowatthour,million kilowatthours
2022-03,SD,South Dakota,RES,residential,11.25,485.5414,cents per kilowatthour,million kilowatthours
2022-03,SC,South Carolina,RES,residential,13.38,2154.02727,cents per kilowatthour,million kilowatthours
2022-03,RI,Rhode Island,RES,residential,23.48,244.48791,cents per kilowatthour,million kilowatthours
2022-03,PA,Pennsylvania,RES,residential,14.59,4571.00544,cents per kilowatthour,million kilowatthours
2022-03,OR,Oregon,RES,residential,11.07,1796.39214,cents per kilowatthour,million kilowatthours
2022-03,NM,New Mexico,RES,residential,13.22,530.74012,cents per kilowatthour,million kilowatthours
2022-03,NJ,New Jersey,RES,residential,16.86,1938.88845,cents per kilowatthour,million kilowatthours
2022-03,NH,New Hampshire,RES,residential,22.94,403.51057,cents per kilowatthour,million kilowatthours
2022-03,NV,Nevada,RES,residential,13.38,788.96384,cents per kilowatthour,million kilowatthours
2022-03,NE,Nebraska,RES,residential,10.18,919.41869,cents per kilowatthour,million kilowatthours
2022-03,MT,Montana,RES,residential,10.71,541.3962,cents per kilowatthour,million kilowatthours
2022-03,GA,Georgia,RES,residential,12.66,4151.99788,cents per kilowatthour,million kilowatthours
2022-03,MO,Missouri,RES,residential,10.53,2752.87487,cents per kilowatthour,million kilowatthours
2022-03,MS,Mississippi,RES,residential,12.44,1350.68795,cents per kilowatthour,million kilowatthours
2022-03,MN,Minnesota,RES,residential,13.49,2019.2309,cents per kilowatthour,million kilowatthours
2022-03,US,U.S. Total,RES,residential,14.41,111438.58992,cents per kilowatthour,million kilowatthours
2022-03,PACN,Pacific Noncontiguous,RES,residential,32.31,403.01468,cents per kilowatthour,million kilowatthours
2022-03,PACC,Pacific Contiguous,RES,residential,18.82,11903.46964,cents per kilowatthour,million kilowatthours
2022-03,ID,Idaho,RES,residential,10.02,810.4739,cents per kilowatthour,million kilowatthours
2022-03,HI,Hawaii,RES,residential,40.19,219.37357,cents per kilowatthour,million kilowatthours
2022-03,MI,Michigan,RES,residential,17.46,2768.19107,cents per kilowatthour,million kilowatthours
2022-03,MA,Massachusetts,RES,residential,25.29,1626.33509,cents per kilowatthour,million kilowatthours
2022-03,MD,Maryland,RES,residential,14.14,2172.65992,cents per kilowatthour,million kilowatthours
2022-03,ME,Maine,RES,residential,22.97,493.69056,cents per kilowatthour,million kilowatthours
2022-03,LA,Louisiana,RES,residential,11.3,2182.64801,cents per kilowatthour,million kilowatthours
2022-03,KY,Kentucky,RES,residential,12.05,2008.5252,cents per kilowatthour,million kilowatthours
2022-03,KS,Kansas,RES,residential,13.18,968.64093,cents per kilowatthour,million kilowatthours
2022-03,IA,Iowa,RES,residential,11.78,1220.84836,cents per kilowatthour,million kilowatthours
2022-03,IN,Indiana,RES,residential,13.94,2674.03189,cents per kilowatthour,million kilowatthours
2022-03,IL,Illinois,RES,residential,14.57,3312.99855,cents per kilowatthour,million kilowatthours
2022-03,FL,Florida,RES,residential,13.47,9507.71617,cents per kilowatthour,million kilowatthours
2022-03,DC,District of Columbia,RES,residential,14.09,199.04655,cents per kilowatthour,million kilowatthours
2022-03,DE,Delaware,RES,residential,13.14,429.21145,cents per kilowatthour,million kilowatthours
2022-02,ID,Idaho,RES,residential,9.71,941.99692,cents per kilowatthour,million kilowatthours
2022-02,US,U.S. Total,RES,residential,13.76,125342.30282,cents per kilowatthour,million kilowatthours
2022-02,PACN,Pacific Noncontiguous,RES,residential,30.39,381.58584,cents per kilowatthour,million kilowatthours
2022-02,PACC,Pacific Contiguous,RES,residential,17.76,11460.31268,cents per kilowatthour,million kilowatthours
2022-02,MTN,Mountain,RES,residential,12.09,7731.55702,cents per kilowatthour,million kilowatthours
2022-02,WSC,West South Central,RES,residential,11.82,19728.79291,cents per kilowatthour,million kilowatthours
2022-02,ESC,East South Central,RES,residential,11.59,11423.84992,cents per kilowatthour,million kilowatthours
2022-02,SAT,South Atlantic,RES,residential,12.47,31804.0025,cents per kilowatthour,million kilowatthours
2022-02,WNC,West North Central,RES,residential,10.98,10124.90517,cents per kilowatthour,million kilowatthours
2022-02,ENC,East North Central,RES,residential,14.05,16646.10989,cents per kilowatthour,million kilowatthours
2022-02,MAT,Middle Atlantic,RES,residential,17.31,11735.78452,cents per kilowatthour,million kilowatthours
2022-02,NEW,New England,RES,residential,24.6,4305.40236,cents per kilowatthour,million kilowatthours
2022-02,VA,Virginia,RES,residential,11.93,4617.31016,cents per kilowatthour,million kilowatthours
2022-02,VT,Vermont,RES,residential,19,206.56574,cents per kilowatthour,million kilowatthours
2022-02,UT,Utah,RES,residential,10.49,806.38253,cents per kilowatthour,million kilowatthours
2022-02,TX,Texas,RES,residential,12.48,13162.48579,cents per kilowatthour,million kilowatthours
2022-02,TN,Tennessee,RES,residential,10.79,4463.76327,cents per kilowatthour,million kilowatthours
2022-02,SD,South Dakota,RES,residential,11.2,520.87713,cents per kilowatthour,million kilowatthours
2022-02,WY,Wyoming,RES,residential,10.31,307.56882,cents per kilowatthour,million kilowatthours
2022-02,WI,Wisconsin,RES,residential,15.1,1950.82252,cents per kilowatthour,million kilowatthours
2022-02,WV,West Virginia,RES,residential,11.9,1139.28548,cents per kilowatthour,million kilowatthours
2022-02,WA,Washington,RES,residential,10.04,3880.36589,cents per kilowatthour,million kilowatthours
2022-02,OH,Ohio,RES,residential,12.52,4800.49727,cents per kilowatthour,million kilowatthours
2022-02,ND,North Dakota,RES,residential,9.66,574.13315,cents per kilowatthour,million kilowatthours
2022-02,NC,North Carolina,RES,residential,10.83,5812.36009,cents per kilowatthour,million kilowatthours
2022-02,NY,New York,RES,residential,21.64,4343.20588,cents per kilowatthour,million kilowatthours
2022-02,HI,Hawaii,RES,residential,38.36,194.67814,cents per kilowatthour,million kilowatthours
2022-02,NM,New Mexico,RES,residential,13.02,576.05133,cents per kilowatthour,million kilowatthours
2022-02,NJ,New Jersey,RES,residential,15.7,2128.74468,cents per kilowatthour,million kilowatthours
2022-02,NH,New Hampshire,RES,residential,22.11,437.79082,cents per kilowatthour,million kilowatthours
2022-02,NV,Nevada,RES,residential,13.17,809.46054,cents per kilowatthour,million kilowatthours
2022-02,NE,Nebraska,RES,residential,9.63,979.2373,cents per kilowatthour,million kilowatthours
2022-02,MT,Montana,RES,residential,10.38,579.66119,cents per kilowatthour,million kilowatthours
2022-02,MO,Missouri,RES,residential,9.51,3496.77644,cents per kilowatthour,million kilowatthours
2022-02,MS,Mississippi,RES,residential,11.55,1670.95224,cents per kilowatthour,million kilowatthours
2022-02,MN,Minnesota,RES,residential,13.28,2099.14117,cents per kilowatthour,million kilowatthours
2022-02,MI,Michigan,RES,residential,17.24,2877.33173,cents per kilowatthour,million kilowatthours
2022-02,MA,Massachusetts,RES,residential,25.57,1810.21095,cents per kilowatthour,million kilowatthours
2022-02,GA,Georgia,RES,residential,11.67,4802.63555,cents per kilowatthour,million kilowatthours
2022-02,FL,Florida,RES,residential,13.74,9469.62717,cents per kilowatthour,million kilowatthours
2022-02,DC,District of Columbia,RES,residential,13.42,214.52434,cents per kilowatthour,million kilowatthours
2022-02,DE,Delaware,RES,residential,12.21,492.81323,cents per kilowatthour,million kilowatthours
2022-02,CT,Connecticut,RES,residential,26.49,1105.94668,cents per kilowatthour,million kilowatthours
2022-02,CO,Colorado,RES,residential,13.54,1554.78289,cents per kilowatthour,million kilowatthours
2022-02,CA,California,RES,residential,25.34,5666.62954,cents per kilowatthour,million kilowatthours
2022-02,MD,Maryland,RES,residential,14.04,2533.57666,cents per kilowatthour,million kilowatthours
2022-02,ME,Maine,RES,residential,20.88,501.10962,cents per kilowatthour,million kilowatthours
2022-02,LA,Louisiana,RES,residential,10.73,2658.50204,cents per kilowatthour,million kilowatthours
2022-02,KY,Kentucky,RES,residential,11.5,2554.45485,cents per kilowatthour,million kilowatthours
2022-02,SC,South Carolina,RES,residential,12.6,2721.86983,cents per kilowatthour,million kilowatthours
2022-02,RI,Rhode Island,RES,residential,25.7,243.77856,cents per kilowatthour,million kilowatthours
2022-02,PA,Pennsylvania,RES,residential,14.38,5263.83395,cents per kilowatthour,million kilowatthours
2022-02,OR,Oregon,RES,residential,11,1913.31725,cents per kilowatthour,million kilowatthours
2022-02,AR,Arkansas,RES,residential,10.39,1796.17757,cents per kilowatthour,million kilowatthours
2022-02,AZ,Arizona,RES,residential,12.73,2155.65282,cents per kilowatthour,million kilowatthours
2022-02,AK,Alaska,RES,residential,22.08,186.9077,cents per kilowatthour,million kilowatthours
2022-02,AL,Alabama,RES,residential,13.01,2734.67956,cents per kilowatthour,million kilowatthours
2022-02,OK,Oklahoma,RES,residential,10.28,2111.62751,cents per kilowatthour,million kilowatthours
2022-02,KS,Kansas,RES,residential,12.54,1125.28689,cents per kilowatthour,million kilowatthours
2022-02,IA,Iowa,RES,residential,11.39,1329.45311,cents per kilowatthour,million kilowatthours
2022-02,IN,Indiana,RES,residential,13.07,3166.20122,cents per kilowatthour,million kilowatthours
2022-02,IL,Illinois,RES,residential,13.83,3851.25716,cents per kilowatthour,million kilowatthours
2022-01,UT,Utah,RES,residential,10.21,916.69954,cents per kilowatthour,million kilowatthours
2022-01,FL,Florida,RES,residential,13.45,9751.39477,cents per kilowatthour,million kilowatthours
2022-01,IN,Indiana,RES,residential,13.08,3478.57692,cents per kilowatthour,million kilowatthours
2022-01,IL,Illinois,RES,residential,12.92,4501.03704,cents per kilowatthour,million kilowatthours
2022-01,ID,Idaho,RES,residential,9.85,1105.06071,cents per kilowatthour,million kilowatthours
2022-01,HI,Hawaii,RES,residential,37.62,242.01058,cents per kilowatthour,million kilowatthours
2022-01,GA,Georgia,RES,residential,11.44,5805.34645,cents per kilowatthour,million kilowatthours
2022-01,MI,Michigan,RES,residential,17.22,3350.33517,cents per kilowatthour,million kilowatthours
2022-01,MA,Massachusetts,RES,residential,25.27,1886.40187,cents per kilowatthour,million kilowatthours
2022-01,MD,Maryland,RES,residential,13.38,3205.663,cents per kilowatthour,million kilowatthours
2022-01,MT,Montana,RES,residential,10.63,666.32987,cents per kilowatthour,million kilowatthours
2022-01,MO,Missouri,RES,residential,9.62,3771.33162,cents per kilowatthour,million kilowatthours
2022-01,MS,Mississippi,RES,residential,11.27,1681.39383,cents per kilowatthour,million kilowatthours
2022-01,MN,Minnesota,RES,residential,12.84,2418.70531,cents per kilowatthour,million kilowatthours
2022-01,IA,Iowa,RES,residential,11.03,1684.03609,cents per kilowatthour,million kilowatthours
2022-01,DC,District of Columbia,RES,residential,13.22,258.14413,cents per kilowatthour,million kilowatthours
2022-01,DE,Delaware,RES,residential,12.22,528.29846,cents per kilowatthour,million kilowatthours
2022-01,CT,Connecticut,RES,residential,22.27,1375.75326,cents per kilowatthour,million kilowatthours
2022-01,CO,Colorado,RES,residential,13.52,1746.43857,cents per kilowatthour,million kilowatthours
2022-01,CA,California,RES,residential,23.07,8196.97462,cents per kilowatthour,million kilowatthours
2022-01,ND,North Dakota,RES,residential,9.45,657.85012,cents per kilowatthour,million kilowatthours
2022-01,NC,North Carolina,RES,residential,10.52,6241.21694,cents per kilowatthour,million kilowatthours
2022-01,NY,New York,RES,residential,21.05,4674.76058,cents per kilowatthour,million kilowatthours
2022-01,NM,New Mexico,RES,residential,12.9,624.30432,cents per kilowatthour,million kilowatthours
2022-01,NJ,New Jersey,RES,residential,16.27,2735.27162,cents per kilowatthour,million kilowatthours
2022-01,NH,New Hampshire,RES,residential,21.23,500.75109,cents per kilowatthour,million kilowatthours
2022-01,NV,Nevada,RES,residential,12.93,953.33478,cents per kilowatthour,million kilowatthours
2022-01,NE,Nebraska,RES,residential,9.29,1135.72193,cents per kilowatthour,million kilowatthours
2022-01,ME,Maine,RES,residential,18.27,547.68,cents per kilowatthour,million kilowatthours
2022-01,LA,Louisiana,RES,residential,11.45,2618.86332,cents per kilowatthour,million kilowatthours
2022-01,KY,Kentucky,RES,residential,11.99,2857.73495,cents per kilowatthour,million kilowatthours
2022-01,KS,Kansas,RES,residential,12.39,1246.26563,cents per kilowatthour,million kilowatthours
2022-01,AR,Arkansas,RES,residential,10.5,1765.72067,cents per kilowatthour,million kilowatthours
2022-01,AZ,Arizona,RES,residential,12.39,2524.2248,cents per kilowatthour,million kilowatthours
2022-01,AK,Alaska,RES,residential,22.17,227.5151,cents per kilowatthour,million kilowatthours
2022-01,AL,Alabama,RES,residential,12.75,3256.49206,cents per kilowatthour,million kilowatthours
2022-01,VT,Vermont,RES,residential,19.17,238.5026,cents per kilowatthour,million kilowatthours
2022-01,VA,Virginia,RES,residential,11.97,5106.42182,cents per kilowatthour,million kilowatthours
2022-01,WA,Washington,RES,residential,9.94,4571.37776,cents per kilowatthour,million kilowatthours
2022-01,WV,West Virginia,RES,residential,11.93,1392.98271,cents per kilowatthour,million kilowatthours
2022-01,WI,Wisconsin,RES,residential,14.95,2292.33836,cents per kilowatthour,million kilowatthours
2022-01,WY,Wyoming,RES,residential,10.27,331.79415,cents per kilowatthour,million kilowatthours
2022-01,NEW,New England,RES,residential,22.8,4832.90483,cents per kilowatthour,million kilowatthours
2022-01,MTN,Mountain,RES,residential,11.95,8868.18674,cents per kilowatthour,million kilowatthours
2022-01,PACC,Pacific Contiguous,RES,residential,17.25,15019.84365,cents per kilowatthour,million kilowatthours
2022-01,PACN,Pacific Noncontiguous,RES,residential,30.13,469.52568,cents per kilowatthour,million kilowatthours
2022-01,US,U.S. Total,RES,residential,13.64,140504.06917,cents per kilowatthour,million kilowatthours
2022-01,OR,Oregon,RES,residential,10.93,2251.49126,cents per kilowatthour,million kilowatthours
2022-01,PA,Pennsylvania,RES,residential,14.09,6165.95102,cents per kilowatthour,million kilowatthours
2022-01,RI,Rhode Island,RES,residential,23.56,283.81601,cents per kilowatthour,million kilowatthours
2022-01,SC,South Carolina,RES,residential,12.3,3088.56741,cents per kilowatthour,million kilowatthours
2022-01,SD,South Dakota,RES,residential,10.96,573.40509,cents per kilowatthour,million kilowatthours
2022-01,TN,Tennessee,RES,residential,11.4,4089.68775,cents per kilowatthour,million kilowatthours
2022-01,TX,Texas,RES,residential,12.45,13227.84966,cents per kilowatthour,million kilowatthours
2022-01,MAT,Middle Atlantic,RES,residential,16.93,13575.98322,cents per kilowatthour,million kilowatthours
2022-01,ENC,East North Central,RES,residential,13.8,19087.69842,cents per kilowatthour,million kilowatthours
2022-01,WNC,West North Central,RES,residential,10.83,11487.31579,cents per kilowatthour,million kilowatthours
2022-01,SAT,South Atlantic,RES,residential,12.2,35378.03569,cents per kilowatthour,million kilowatthours
2022-01,ESC,East South Central,RES,residential,11.89,11885.30858,cents per kilowatthour,million kilowatthours
2022-01,WSC,West South Central,RES,residential,11.87,19899.26659,cents per kilowatthour,million kilowatthours
2022-01,OH,Ohio,RES,residential,12.4,5465.41092,cents per kilowatthour,million kilowatthours
2022-01,OK,Oklahoma,RES,residential,10.04,2286.83294,cents per kilowatthour,million kilowatthours
2021-12,CO,Colorado,RES,residential,13.51,1662.51619,cents per kilowatthour,million kilowatthours
2021-12,ENC,East North Central,RES,residential,14.09,16058.04708,cents per kilowatthour,million kilowatthours
2021-12,MT,Montana,RES,residential,11.12,558.7827,cents per kilowatthour,million kilowatthours
2021-12,MO,Missouri,RES,residential,10.54,2822.8017,cents per kilowatthour,million kilowatthours
2021-12,WY,Wyoming,RES,residential,10.6,298.27335,cents per kilowatthour,million kilowatthours
2021-12,WA,Washington,RES,residential,10.09,4254.51644,cents per kilowatthour,million kilowatthours
2021-12,VA,Virginia,RES,residential,11.71,4186.47973,cents per kilowatthour,million kilowatthours
2021-12,MAT,Middle Atlantic,RES,residential,16.6,11441.42927,cents per kilowatthour,million kilowatthours
2021-12,NEW,New England,RES,residential,22.07,4191.11124,cents per kilowatthour,million kilowatthours
2021-12,WI,Wisconsin,RES,residential,14.2,2031.7394,cents per kilowatthour,million kilowatthours
2021-12,WV,West Virginia,RES,residential,11.82,1065.04357,cents per kilowatthour,million kilowatthours
2021-12,TX,Texas,RES,residential,12.56,10235.02762,cents per kilowatthour,million kilowatthours
2021-12,TN,Tennessee,RES,residential,11.56,3430.08897,cents per kilowatthour,million kilowatthours
2021-12,VT,Vermont,RES,residential,19.58,204.7857,cents per kilowatthour,million kilowatthours
2021-12,UT,Utah,RES,residential,10.15,914.26687,cents per kilowatthour,million kilowatthours
2021-12,IL,Illinois,RES,residential,13.4,3735.33637,cents per kilowatthour,million kilowatthours
2021-12,ESC,East South Central,RES,residential,11.25,9290.15055,cents per kilowatthour,million kilowatthours
2021-12,SAT,South Atlantic,RES,residential,12.1,29453.35209,cents per kilowatthour,million kilowatthours
2021-12,WNC,West North Central,RES,residential,11.39,9235.75113,cents per kilowatthour,million kilowatthours
2021-12,ME,Maine,RES,residential,17.9,495.50251,cents per kilowatthour,million kilowatthours
2021-12,IN,Indiana,RES,residential,13.57,2785.5627,cents per kilowatthour,million kilowatthours
2021-12,OR,Oregon,RES,residential,11.2,2234.45173,cents per kilowatthour,million kilowatthours
2021-12,OK,Oklahoma,RES,residential,10.7,1682.73287,cents per kilowatthour,million kilowatthours
2021-12,OH,Ohio,RES,residential,12.81,4477.891,cents per kilowatthour,million kilowatthours
2021-12,MS,Mississippi,RES,residential,11.82,1319.64249,cents per kilowatthour,million kilowatthours
2021-12,ID,Idaho,RES,residential,10.31,985.2773,cents per kilowatthour,million kilowatthours
2021-12,MN,Minnesota,RES,residential,12.89,2122.98286,cents per kilowatthour,million kilowatthours
2021-12,MI,Michigan,RES,residential,17.26,3027.5176,cents per kilowatthour,million kilowatthours
2021-12,MA,Massachusetts,RES,residential,24.32,1631.28089,cents per kilowatthour,million kilowatthours
2021-12,MD,Maryland,RES,residential,14.07,2412.35002,cents per kilowatthour,million kilowatthours
2021-12,FL,Florida,RES,residential,12.09,9233.02849,cents per kilowatthour,million kilowatthours
2021-12,SC,South Carolina,RES,residential,12.8,2459.23655,cents per kilowatthour,million kilowatthours
2021-12,RI,Rhode Island,RES,residential,25.17,232.55563,cents per kilowatthour,million kilowatthours
2021-12,PA,Pennsylvania,RES,residential,14.37,4975.0871,cents per kilowatthour,million kilowatthours
2021-12,NC,North Carolina,RES,residential,11.14,5043.47269,cents per kilowatthour,million kilowatthours
2021-12,NY,New York,RES,residential,19.56,4223.90204,cents per kilowatthour,million kilowatthours
2021-12,SD,South Dakota,RES,residential,11.5,482.72644,cents per kilowatthour,million kilowatthours
2021-12,ND,North Dakota,RES,residential,9.36,563.25495,cents per kilowatthour,million kilowatthours
2021-12,AR,Arkansas,RES,residential,10.99,1390.34158,cents per kilowatthour,million kilowatthours
2021-12,AZ,Arizona,RES,residential,12.62,2361.33773,cents per kilowatthour,million kilowatthours
2021-12,AK,Alaska,RES,residential,22.14,224.38219,cents per kilowatthour,million kilowatthours
2021-12,AL,Alabama,RES,residential,9.66,2385.83902,cents per kilowatthour,million kilowatthours
2021-12,NM,New Mexico,RES,residential,13.03,582.35956,cents per kilowatthour,million kilowatthours
2021-12,HI,Hawaii,RES,residential,35.85,249.68296,cents per kilowatthour,million kilowatthours
2021-12,GA,Georgia,RES,residential,12.07,4425.87088,cents per kilowatthour,million kilowatthours
2021-12,NJ,New Jersey,RES,residential,15.97,2242.44014,cents per kilowatthour,million kilowatthours
2021-12,WSC,West South Central,RES,residential,12.08,15350.59119,cents per kilowatthour,million kilowatthours
2021-12,PACN,Pacific Noncontiguous,RES,residential,29.36,474.06514,cents per kilowatthour,million kilowatthours
2021-12,PACC,Pacific Contiguous,RES,residential,17.34,13871.73553,cents per kilowatthour,million kilowatthours
2021-12,MTN,Mountain,RES,residential,12.06,8329.27186,cents per kilowatthour,million kilowatthours
2021-12,US,U.S. Total,RES,residential,13.72,117695.50509,cents per kilowatthour,million kilowatthours
2021-12,LA,Louisiana,RES,residential,11.56,2042.48913,cents per kilowatthour,million kilowatthours
2021-12,KY,Kentucky,RES,residential,12.19,2154.58007,cents per kilowatthour,million kilowatthours
2021-12,KS,Kansas,RES,residential,12.75,992.0823,cents per kilowatthour,million kilowatthours
2021-12,NV,Nevada,RES,residential,12.18,966.45814,cents per kilowatthour,million kilowatthours
2021-12,NE,Nebraska,RES,residential,10.11,936.42077,cents per kilowatthour,million kilowatthours
2021-12,NH,New Hampshire,RES,residential,21.02,450.49458,cents per kilowatthour,million kilowatthours
2021-12,IA,Iowa,RES,residential,11.52,1315.48211,cents per kilowatthour,million kilowatthours
2021-12,DC,District of Columbia,RES,residential,13.34,201.24489,cents per kilowatthour,million kilowatthours
2021-12,DE,Delaware,RES,residential,12.57,426.62529,cents per kilowatthour,million kilowatthours
2021-12,CA,California,RES,residential,23.38,7382.76737,cents per kilowatthour,million kilowatthours
2021-12,CT,Connecticut,RES,residential,20.93,1176.49193,cents per kilowatthour,million kilowatthours
2021-11,ME,Maine,RES,residential,18.19,365.25257,cents per kilowatthour,million kilowatthours
2021-11,SD,South Dakota,RES,residential,11.94,371.7023,cents per kilowatthour,million kilowatthours
2021-11,AK,Alaska,RES,residential,22.56,197.20131,cents per kilowatthour,million kilowatthours
2021-11,AL,Alabama,RES,residential,13.3,2229.23715,cents per kilowatthour,million kilowatthours
2021-11,US,U.S. Total,RES,residential,14.07,100590.96639,cents per kilowatthour,million kilowatthours
2021-11,PACN,Pacific Noncontiguous,RES,residential,29.21,434.00705,cents per kilowatthour,million kilowatthours
2021-11,PACC,Pacific Contiguous,RES,residential,17.93,10516.85749,cents per kilowatthour,million kilowatthours
2021-11,FL,Florida,RES,residential,12.49,8626.88409,cents per kilowatthour,million kilowatthours
2021-11,DC,District of Columbia,RES,residential,14.07,176.69609,cents per kilowatthour,million kilowatthours
2021-11,DE,Delaware,RES,residential,13.86,332.63314,cents per kilowatthour,million kilowatthours
2021-11,CT,Connecticut,RES,residential,21.4,934.7493,cents per kilowatthour,million kilowatthours
2021-11,CO,Colorado,RES,residential,13.77,1386.60129,cents per kilowatthour,million kilowatthours
2021-11,CA,California,RES,residential,23.87,5795.61794,cents per kilowatthour,million kilowatthours
2021-11,AR,Arkansas,RES,residential,11.68,1208.29766,cents per kilowatthour,million kilowatthours
2021-11,AZ,Arizona,RES,residential,12.31,2032.86089,cents per kilowatthour,million kilowatthours
2021-11,MTN,Mountain,RES,residential,12.16,6839.04848,cents per kilowatthour,million kilowatthours
2021-11,WSC,West South Central,RES,residential,12.41,14062.41638,cents per kilowatthour,million kilowatthours
2021-11,ESC,East South Central,RES,residential,12.36,8222.12082,cents per kilowatthour,million kilowatthours
2021-11,SAT,South Atlantic,RES,residential,12.44,25928.04606,cents per kilowatthour,million kilowatthours
2021-11,WNC,West North Central,RES,residential,12.01,7486.83477,cents per kilowatthour,million kilowatthours
2021-11,ENC,East North Central,RES,residential,14.64,13901.08602,cents per kilowatthour,million kilowatthours
2021-11,MAT,Middle Atlantic,RES,residential,16.72,9731.66357,cents per kilowatthour,million kilowatthours
2021-11,NEW,New England,RES,residential,21.87,3468.88576,cents per kilowatthour,million kilowatthours
2021-11,WY,Wyoming,RES,residential,10.93,236.78066,cents per kilowatthour,million kilowatthours
2021-11,WI,Wisconsin,RES,residential,14.7,1692.85361,cents per kilowatthour,million kilowatthours
2021-11,WV,West Virginia,RES,residential,12.89,904.50657,cents per kilowatthour,million kilowatthours
2021-11,WA,Washington,RES,residential,10.22,3083.41241,cents per kilowatthour,million kilowatthours
2021-11,VA,Virginia,RES,residential,11.81,3363.39905,cents per kilowatthour,million kilowatthours
2021-11,VT,Vermont,RES,residential,20.13,171.57618,cents per kilowatthour,million kilowatthours
2021-11,UT,Utah,RES,residential,10.21,756.35394,cents per kilowatthour,million kilowatthours
2021-11,TX,Texas,RES,residential,12.78,9391.56967,cents per kilowatthour,million kilowatthours
2021-11,TN,Tennessee,RES,residential,11.61,2869.66657,cents per kilowatthour,million kilowatthours
2021-11,KY,Kentucky,RES,residential,12.49,1910.9937,cents per kilowatthour,million kilowatthours
2021-11,KS,Kansas,RES,residential,13.37,864.79868,cents per kilowatthour,million kilowatthours
2021-11,IA,Iowa,RES,residential,12.22,968.37109,cents per kilowatthour,million kilowatthours
2021-11,IN,Indiana,RES,residential,14.27,2427.67066,cents per kilowatthour,million kilowatthours
2021-11,IL,Illinois,RES,residential,14.33,3251.76273,cents per kilowatthour,million kilowatthours
2021-11,ID,Idaho,RES,residential,10.19,754.08536,cents per kilowatthour,million kilowatthours
2021-11,HI,Hawaii,RES,residential,34.74,236.80574,cents per kilowatthour,million kilowatthours
2021-11,GA,Georgia,RES,residential,12.27,4173.75622,cents per kilowatthour,million kilowatthours
2021-11,SC,South Carolina,RES,residential,13.78,2112.81964,cents per kilowatthour,million kilowatthours
2021-11,RI,Rhode Island,RES,residential,22.84,213.1157,cents per kilowatthour,million kilowatthours
2021-11,PA,Pennsylvania,RES,residential,14.13,4234.89449,cents per kilowatthour,million kilowatthours
2021-11,NM,New Mexico,RES,residential,13.52,468.7846,cents per kilowatthour,million kilowatthours
2021-11,NJ,New Jersey,RES,residential,16.13,1919.15629,cents per kilowatthour,million kilowatthours
2021-11,NH,New Hampshire,RES,residential,21.16,341.229,cents per kilowatthour,million kilowatthours
2021-11,NV,Nevada,RES,residential,12.67,768.40106,cents per kilowatthour,million kilowatthours
2021-11,OR,Oregon,RES,residential,11.43,1637.82714,cents per kilowatthour,million kilowatthours
2021-11,OK,Oklahoma,RES,residential,11.65,1455.17811,cents per kilowatthour,million kilowatthours
2021-11,OH,Ohio,RES,residential,13.06,3869.87038,cents per kilowatthour,million kilowatthours
2021-11,ND,North Dakota,RES,residential,10.91,404.71651,cents per kilowatthour,million kilowatthours
2021-11,NC,North Carolina,RES,residential,11.44,4168.04944,cents per kilowatthour,million kilowatthours
2021-11,NY,New York,RES,residential,20.09,3577.61279,cents per kilowatthour,million kilowatthours
2021-11,NE,Nebraska,RES,residential,10.83,722.17797,cents per kilowatthour,million kilowatthours
2021-11,MT,Montana,RES,residential,11.38,435.18068,cents per kilowatthour,million kilowatthours
2021-11,MO,Missouri,RES,residential,10.92,2442.5079,cents per kilowatthour,million kilowatthours
2021-11,MS,Mississippi,RES,residential,12.23,1212.2234,cents per kilowatthour,million kilowatthours
2021-11,MN,Minnesota,RES,residential,13.54,1712.56033,cents per kilowatthour,million kilowatthours
2021-11,LA,Louisiana,RES,residential,11.66,2007.37094,cents per kilowatthour,million kilowatthours
2021-11,MI,Michigan,RES,residential,17.61,2658.92865,cents per kilowatthour,million kilowatthours
2021-11,MA,Massachusetts,RES,residential,23.33,1442.96302,cents per kilowatthour,million kilowatthours
2021-11,MD,Maryland,RES,residential,13.65,2069.30181,cents per kilowatthour,million kilowatthours
2021-10,AL,Alabama,RES,residential,13.7,2229.73128,cents per kilowatthour,million kilowatthours
2021-10,LA,Louisiana,RES,residential,11.69,2311.68768,cents per kilowatthour,million kilowatthours
2021-10,KY,Kentucky,RES,residential,12.28,1695.21767,cents per kilowatthour,million kilowatthours
2021-10,KS,Kansas,RES,residential,13.19,926.28535,cents per kilowatthour,million kilowatthours
2021-10,SC,South Carolina,RES,residential,13.49,2259.29285,cents per kilowatthour,million kilowatthours
2021-10,US,U.S. Total,RES,residential,14.06,103992.2144,cents per kilowatthour,million kilowatthours
2021-10,PACN,Pacific Noncontiguous,RES,residential,29.92,406.37966,cents per kilowatthour,million kilowatthours
2021-10,PACC,Pacific Contiguous,RES,residential,17.6,10264.26957,cents per kilowatthour,million kilowatthours
2021-10,RI,Rhode Island,RES,residential,22.39,230.72246,cents per kilowatthour,million kilowatthours
2021-10,PA,Pennsylvania,RES,residential,14.49,3659.6542,cents per kilowatthour,million kilowatthours
2021-10,OR,Oregon,RES,residential,11.77,1428.37027,cents per kilowatthour,million kilowatthours
2021-10,OK,Oklahoma,RES,residential,12.91,1588.29797,cents per kilowatthour,million kilowatthours
2021-10,NY,New York,RES,residential,20.66,3707.8363,cents per kilowatthour,million kilowatthours
2021-10,NM,New Mexico,RES,residential,13.62,496.79134,cents per kilowatthour,million kilowatthours
2021-10,OH,Ohio,RES,residential,13.28,3605.38141,cents per kilowatthour,million kilowatthours
2021-10,ND,North Dakota,RES,residential,11.63,304.82556,cents per kilowatthour,million kilowatthours
2021-10,NC,North Carolina,RES,residential,12.1,4070.15324,cents per kilowatthour,million kilowatthours
2021-10,NJ,New Jersey,RES,residential,16.18,1868.03866,cents per kilowatthour,million kilowatthours
2021-10,NH,New Hampshire,RES,residential,21.06,314.49724,cents per kilowatthour,million kilowatthours
2021-10,NV,Nevada,RES,residential,12.58,837.65526,cents per kilowatthour,million kilowatthours
2021-10,NE,Nebraska,RES,residential,11.35,677.89255,cents per kilowatthour,million kilowatthours
2021-10,MT,Montana,RES,residential,11.71,346.688,cents per kilowatthour,million kilowatthours
2021-10,MO,Missouri,RES,residential,11.2,2274.63481,cents per kilowatthour,million kilowatthours
2021-10,MS,Mississippi,RES,residential,11.8,1397.98053,cents per kilowatthour,million kilowatthours
2021-10,TN,Tennessee,RES,residential,11.43,2882.82067,cents per kilowatthour,million kilowatthours
2021-10,SD,South Dakota,RES,residential,12.67,331.46049,cents per kilowatthour,million kilowatthours
2021-10,MTN,Mountain,RES,residential,12.51,7116.57295,cents per kilowatthour,million kilowatthours
2021-10,WSC,West South Central,RES,residential,12.39,17464.53947,cents per kilowatthour,million kilowatthours
2021-10,ESC,East South Central,RES,residential,12.28,8205.75015,cents per kilowatthour,million kilowatthours
2021-10,SAT,South Atlantic,RES,residential,12.57,27739.34785,cents per kilowatthour,million kilowatthours
2021-10,WNC,West North Central,RES,residential,12.39,7090.64895,cents per kilowatthour,million kilowatthours
2021-10,ENC,East North Central,RES,residential,14.72,13143.31697,cents per kilowatthour,million kilowatthours
2021-10,MAT,Middle Atlantic,RES,residential,17.31,9235.52916,cents per kilowatthour,million kilowatthours
2021-10,NEW,New England,RES,residential,21.9,3325.85967,cents per kilowatthour,million kilowatthours
2021-10,WY,Wyoming,RES,residential,11.66,190.625,cents per kilowatthour,million kilowatthours
2021-10,WI,Wisconsin,RES,residential,14.92,1606.31103,cents per kilowatthour,million kilowatthours
2021-10,WV,West Virginia,RES,residential,13.66,661.77129,cents per kilowatthour,million kilowatthours
2021-10,WA,Washington,RES,residential,10.39,2642.2177,cents per kilowatthour,million kilowatthours
2021-10,VA,Virginia,RES,residential,12.37,2960.91216,cents per kilowatthour,million kilowatthours
2021-10,VT,Vermont,RES,residential,20.55,154.54062,cents per kilowatthour,million kilowatthours
2021-10,UT,Utah,RES,residential,10.46,720.90872,cents per kilowatthour,million kilowatthours
2021-10,TX,Texas,RES,residential,12.54,12235.32234,cents per kilowatthour,million kilowatthours
2021-10,FL,Florida,RES,residential,12.12,11436.52481,cents per kilowatthour,million kilowatthours
2021-10,DC,District of Columbia,RES,residential,13.8,174.44413,cents per kilowatthour,million kilowatthours
2021-10,DE,Delaware,RES,residential,13.64,329.43023,cents per kilowatthour,million kilowatthours
2021-10,CT,Connecticut,RES,residential,22.93,839.86501,cents per kilowatthour,million kilowatthours
2021-10,CO,Colorado,RES,residential,13.73,1435.97372,cents per kilowatthour,million kilowatthours
2021-10,IA,Iowa,RES,residential,12.5,1003.98624,cents per kilowatthour,million kilowatthours
2021-10,IN,Indiana,RES,residential,14.25,2211.31076,cents per kilowatthour,million kilowatthours
2021-10,IL,Illinois,RES,residential,13.98,3163.84329,cents per kilowatthour,million kilowatthours
2021-10,ID,Idaho,RES,residential,10.58,611.35723,cents per kilowatthour,million kilowatthours
2021-10,HI,Hawaii,RES,residential,34.48,242.1196,cents per kilowatthour,million kilowatthours
2021-10,GA,Georgia,RES,residential,12.86,4161.5194,cents per kilowatthour,million kilowatthours
2021-10,CA,California,RES,residential,22.02,6193.68161,cents per kilowatthour,million kilowatthours
2021-10,AR,Arkansas,RES,residential,11.62,1329.23148,cents per kilowatthour,million kilowatthours
2021-10,AZ,Arizona,RES,residential,12.82,2476.57369,cents per kilowatthour,million kilowatthours
2021-10,MN,Minnesota,RES,residential,14.11,1571.56394,cents per kilowatthour,million kilowatthours
2021-10,MI,Michigan,RES,residential,17.97,2556.47048,cents per kilowatthour,million kilowatthours
2021-10,MA,Massachusetts,RES,residential,22.48,1434.00305,cents per kilowatthour,million kilowatthours
2021-10,MD,Maryland,RES,residential,14.5,1685.29974,cents per kilowatthour,million kilowatthours
2021-10,ME,Maine,RES,residential,18.17,352.2313,cents per kilowatthour,million kilowatthours
2021-10,AK,Alaska,RES,residential,23.19,164.26006,cents per kilowatthour,million kilowatthours
2021-09,NJ,New Jersey,RES,residential,16.29,2595.7406,cents per kilowatthour,million kilowatthours
2021-09,NV,Nevada,RES,residential,11.21,1474.44336,cents per kilowatthour,million kilowatthours
2021-09,NH,New Hampshire,RES,residential,20.66,402.22601,cents per kilowatthour,million kilowatthours
2021-09,NE,Nebraska,RES,residential,11.69,869.06231,cents per kilowatthour,million kilowatthours
2021-09,MT,Montana,RES,residential,11.82,361.90508,cents per kilowatthour,million kilowatthours
2021-09,MO,Missouri,RES,residential,13.06,3046.69158,cents per kilowatthour,million kilowatthours
2021-09,MS,Mississippi,RES,residential,11.44,1848.54262,cents per kilowatthour,million kilowatthours
2021-09,LA,Louisiana,RES,residential,11.69,2848.6272,cents per kilowatthour,million kilowatthours
2021-09,KY,Kentucky,RES,residential,11.78,2125.22824,cents per kilowatthour,million kilowatthours
2021-09,NEW,New England,RES,residential,22.22,4291.34081,cents per kilowatthour,million kilowatthours
2021-09,KS,Kansas,RES,residential,12.91,1342.09884,cents per kilowatthour,million kilowatthours
2021-09,IA,Iowa,RES,residential,13.85,1125.66505,cents per kilowatthour,million kilowatthours
2021-09,WY,Wyoming,RES,residential,12.01,183.93036,cents per kilowatthour,million kilowatthours
2021-09,WI,Wisconsin,RES,residential,14.99,1697.739,cents per kilowatthour,million kilowatthours
2021-09,WV,West Virginia,RES,residential,12.7,754.54513,cents per kilowatthour,million kilowatthours
2021-09,WA,Washington,RES,residential,10.41,2395.71725,cents per kilowatthour,million kilowatthours
2021-09,DE,Delaware,RES,residential,13.21,455.96068,cents per kilowatthour,million kilowatthours
2021-09,CT,Connecticut,RES,residential,22.47,1137.78708,cents per kilowatthour,million kilowatthours
2021-09,CO,Colorado,RES,residential,13.82,1803.4111,cents per kilowatthour,million kilowatthours
2021-09,CA,California,RES,residential,23.49,9038.22576,cents per kilowatthour,million kilowatthours
2021-09,PACN,Pacific Noncontiguous,RES,residential,30.23,386.60976,cents per kilowatthour,million kilowatthours
2021-09,PACC,Pacific Contiguous,RES,residential,19.81,12766.16484,cents per kilowatthour,million kilowatthours
2021-09,MD,Maryland,RES,residential,13.28,2191.97427,cents per kilowatthour,million kilowatthours
2021-09,ME,Maine,RES,residential,17.98,437.35582,cents per kilowatthour,million kilowatthours
2021-09,AK,Alaska,RES,residential,23.18,147.33182,cents per kilowatthour,million kilowatthours
2021-09,AL,Alabama,RES,residential,13.48,2820.86906,cents per kilowatthour,million kilowatthours
2021-09,MA,Massachusetts,RES,residential,23.44,1882.68962,cents per kilowatthour,million kilowatthours
2021-09,VA,Virginia,RES,residential,12.33,3716.74034,cents per kilowatthour,million kilowatthours
2021-09,VT,Vermont,RES,residential,19.54,159.87374,cents per kilowatthour,million kilowatthours
2021-09,UT,Utah,RES,residential,10.9,921.7221,cents per kilowatthour,million kilowatthours
2021-09,RI,Rhode Island,RES,residential,23.35,271.40854,cents per kilowatthour,million kilowatthours
2021-09,PA,Pennsylvania,RES,residential,14.06,4464.62991,cents per kilowatthour,million kilowatthours
2021-09,OR,Oregon,RES,residential,11.71,1332.22184,cents per kilowatthour,million kilowatthours
2021-09,TN,Tennessee,RES,residential,11.16,3934.24667,cents per kilowatthour,million kilowatthours
2021-09,SD,South Dakota,RES,residential,13.14,365.48216,cents per kilowatthour,million kilowatthours
2021-09,US,U.S. Total,RES,residential,14.14,131111.30373,cents per kilowatthour,million kilowatthours
2021-09,MTN,Mountain,RES,residential,12.46,9877.01559,cents per kilowatthour,million kilowatthours
2021-09,WSC,West South Central,RES,residential,12.13,23637.07615,cents per kilowatthour,million kilowatthours
2021-09,ESC,East South Central,RES,residential,11.94,10728.88658,cents per kilowatthour,million kilowatthours
2021-09,SC,South Carolina,RES,residential,13.4,2763.77692,cents per kilowatthour,million kilowatthours
2021-09,SAT,South Atlantic,RES,residential,12.51,33449.21048,cents per kilowatthour,million kilowatthours
2021-09,WNC,West North Central,RES,residential,13.24,8713.56161,cents per kilowatthour,million kilowatthours
2021-09,ENC,East North Central,RES,residential,14.18,15268.62982,cents per kilowatthour,million kilowatthours
2021-09,MAT,Middle Atlantic,RES,residential,17.19,11992.8081,cents per kilowatthour,million kilowatthours
2021-09,NM,New Mexico,RES,residential,14.53,618.83299,cents per kilowatthour,million kilowatthours
2021-09,OH,Ohio,RES,residential,13.14,4263.11201,cents per kilowatthour,million kilowatthours
2021-09,ND,North Dakota,RES,residential,12.83,293.52715,cents per kilowatthour,million kilowatthours
2021-09,NC,North Carolina,RES,residential,11.83,5253.37082,cents per kilowatthour,million kilowatthours
2021-09,NY,New York,RES,residential,20.5,4932.4376,cents per kilowatthour,million kilowatthours
2021-09,MN,Minnesota,RES,residential,14.3,1671.03452,cents per kilowatthour,million kilowatthours
2021-09,MI,Michigan,RES,residential,17.64,2671.10427,cents per kilowatthour,million kilowatthours
2021-09,IN,Indiana,RES,residential,13.56,2802.91454,cents per kilowatthour,million kilowatthours
2021-09,IL,Illinois,RES,residential,13.02,3833.76,cents per kilowatthour,million kilowatthours
2021-09,ID,Idaho,RES,residential,10.4,584.53375,cents per kilowatthour,million kilowatthours
2021-09,HI,Hawaii,RES,residential,34.57,239.27794,cents per kilowatthour,million kilowatthours
2021-09,GA,Georgia,RES,residential,12.87,5178.02361,cents per kilowatthour,million kilowatthours
2021-09,FL,Florida,RES,residential,12.34,12925.19285,cents per kilowatthour,million kilowatthours
2021-09,DC,District of Columbia,RES,residential,13.02,209.62585,cents per kilowatthour,million kilowatthours
2021-09,AR,Arkansas,RES,residential,11.8,1858.87965,cents per kilowatthour,million kilowatthours
2021-09,AZ,Arizona,RES,residential,12.74,3928.23684,cents per kilowatthour,million kilowatthours
2021-09,OK,Oklahoma,RES,residential,12.03,2347.8324,cents per kilowatthour,million kilowatthours
2021-09,TX,Texas,RES,residential,12.26,16581.73689,cents per kilowatthour,million kilowatthours
2021-08,AL,Alabama,RES,residential,13.38,3397.27717,cents per kilowatthour,million kilowatthours
2021-08,PACC,Pacific Contiguous,RES,residential,19.61,14679.98983,cents per kilowatthour,million kilowatthours
2021-08,MTN,Mountain,RES,residential,12.28,12222.02249,cents per kilowatthour,million kilowatthours
2021-08,US,U.S. Total,RES,residential,13.92,157791.77207,cents per kilowatthour,million kilowatthours
2021-08,PACN,Pacific Noncontiguous,RES,residential,29.75,404.68172,cents per kilowatthour,million kilowatthours
2021-08,WSC,West South Central,RES,residential,11.79,26289.51519,cents per kilowatthour,million kilowatthours
2021-08,ESC,East South Central,RES,residential,11.9,12604.45725,cents per kilowatthour,million kilowatthours
2021-08,SAT,South Atlantic,RES,residential,12.27,39429.42342,cents per kilowatthour,million kilowatthours
2021-08,AK,Alaska,RES,residential,23.27,145.04409,cents per kilowatthour,million kilowatthours
2021-08,MA,Massachusetts,RES,residential,22.19,2112.84302,cents per kilowatthour,million kilowatthours
2021-08,MI,Michigan,RES,residential,17.87,4030.11048,cents per kilowatthour,million kilowatthours
2021-08,ME,Maine,RES,residential,17.13,436.38626,cents per kilowatthour,million kilowatthours
2021-08,MD,Maryland,RES,residential,12.89,2883.33453,cents per kilowatthour,million kilowatthours
2021-08,SD,South Dakota,RES,residential,12.8,457.46862,cents per kilowatthour,million kilowatthours
2021-08,ND,North Dakota,RES,residential,11.99,384.18182,cents per kilowatthour,million kilowatthours
2021-08,TN,Tennessee,RES,residential,11.14,4452.48599,cents per kilowatthour,million kilowatthours
2021-08,PA,Pennsylvania,RES,residential,13.86,5554.68836,cents per kilowatthour,million kilowatthours
2021-08,RI,Rhode Island,RES,residential,20.35,366.51108,cents per kilowatthour,million kilowatthours
2021-08,AR,Arkansas,RES,residential,11.6,2021.69289,cents per kilowatthour,million kilowatthours
2021-08,CA,California,RES,residential,23.39,10279.14937,cents per kilowatthour,million kilowatthours
2021-08,CO,Colorado,RES,residential,13.5,2250.16412,cents per kilowatthour,million kilowatthours
2021-08,KY,Kentucky,RES,residential,11.63,2742.29232,cents per kilowatthour,million kilowatthours
2021-08,LA,Louisiana,RES,residential,11.45,3403.76888,cents per kilowatthour,million kilowatthours
2021-08,IN,Indiana,RES,residential,13.34,3537.58827,cents per kilowatthour,million kilowatthours
2021-08,MT,Montana,RES,residential,11.61,471.12818,cents per kilowatthour,million kilowatthours
2021-08,NE,Nebraska,RES,residential,11.55,1027.97141,cents per kilowatthour,million kilowatthours
2021-08,MN,Minnesota,RES,residential,14.01,2258.3768,cents per kilowatthour,million kilowatthours
2021-08,MS,Mississippi,RES,residential,11.46,2012.40178,cents per kilowatthour,million kilowatthours
2021-08,SC,South Carolina,RES,residential,12.83,3449.80751,cents per kilowatthour,million kilowatthours
2021-08,OH,Ohio,RES,residential,13.03,5654.16228,cents per kilowatthour,million kilowatthours
2021-08,OK,Oklahoma,RES,residential,11.37,2784.736,cents per kilowatthour,million kilowatthours
2021-08,OR,Oregon,RES,residential,11.57,1650.68907,cents per kilowatthour,million kilowatthours
2021-08,NY,New York,RES,residential,19.97,5659.41623,cents per kilowatthour,million kilowatthours
2021-08,NC,North Carolina,RES,residential,11.33,6442.3243,cents per kilowatthour,million kilowatthours
2021-08,IA,Iowa,RES,residential,14.58,1452.96542,cents per kilowatthour,million kilowatthours
2021-08,KS,Kansas,RES,residential,13.1,1667.82432,cents per kilowatthour,million kilowatthours
2021-08,NJ,New Jersey,RES,residential,16.75,3746.76116,cents per kilowatthour,million kilowatthours
2021-08,NM,New Mexico,RES,residential,14.42,767.69745,cents per kilowatthour,million kilowatthours
2021-08,NV,Nevada,RES,residential,10.98,1923.75765,cents per kilowatthour,million kilowatthours
2021-08,NH,New Hampshire,RES,residential,19.58,474.48636,cents per kilowatthour,million kilowatthours
2021-08,HI,Hawaii,RES,residential,33.36,259.63763,cents per kilowatthour,million kilowatthours
2021-08,ID,Idaho,RES,residential,10.71,762.45142,cents per kilowatthour,million kilowatthours
2021-08,IL,Illinois,RES,residential,12.85,5600.97551,cents per kilowatthour,million kilowatthours
2021-08,DC,District of Columbia,RES,residential,13.08,283.78772,cents per kilowatthour,million kilowatthours
2021-08,FL,Florida,RES,residential,11.84,13914.72966,cents per kilowatthour,million kilowatthours
2021-08,GA,Georgia,RES,residential,13.23,6416.27469,cents per kilowatthour,million kilowatthours
2021-08,MO,Missouri,RES,residential,13.16,3833.22446,cents per kilowatthour,million kilowatthours
2021-08,CT,Connecticut,RES,residential,20.8,1370.41005,cents per kilowatthour,million kilowatthours
2021-08,DE,Delaware,RES,residential,12.14,546.46187,cents per kilowatthour,million kilowatthours
2021-08,AZ,Arizona,RES,residential,12.58,4656.9282,cents per kilowatthour,million kilowatthours
2021-08,WY,Wyoming,RES,residential,11.61,216.82704,cents per kilowatthour,million kilowatthours
2021-08,NEW,New England,RES,residential,20.85,4962.84097,cents per kilowatthour,million kilowatthours
2021-08,MAT,Middle Atlantic,RES,residential,16.89,14960.86576,cents per kilowatthour,million kilowatthours
2021-08,ENC,East North Central,RES,residential,14.11,21155.96259,cents per kilowatthour,million kilowatthours
2021-08,WNC,West North Central,RES,residential,13.3,11082.01285,cents per kilowatthour,million kilowatthours
2021-08,WV,West Virginia,RES,residential,12.21,963.80918,cents per kilowatthour,million kilowatthours
2021-08,WI,Wisconsin,RES,residential,14.44,2333.12605,cents per kilowatthour,million kilowatthours
2021-08,VA,Virginia,RES,residential,12.71,4528.89398,cents per kilowatthour,million kilowatthours
2021-08,WA,Washington,RES,residential,10.29,2750.15139,cents per kilowatthour,million kilowatthours
2021-08,TX,Texas,RES,residential,11.94,18079.31742,cents per kilowatthour,million kilowatthours
2021-08,UT,Utah,RES,residential,10.94,1173.06844,cents per kilowatthour,million kilowatthours
2021-08,VT,Vermont,RES,residential,19.1,202.20421,cents per kilowatthour,million kilowatthours
2021-07,AK,Alaska,RES,residential,23.39,144.28665,cents per kilowatthour,million kilowatthours
2021-07,MS,Mississippi,RES,residential,11.48,1920.79605,cents per kilowatthour,million kilowatthours
2021-07,MN,Minnesota,RES,residential,14.06,2278.63642,cents per kilowatthour,million kilowatthours
2021-07,MI,Michigan,RES,residential,17.8,3687.10367,cents per kilowatthour,million kilowatthours
2021-07,OK,Oklahoma,RES,residential,11.19,2674.02458,cents per kilowatthour,million kilowatthours
2021-07,OH,Ohio,RES,residential,13.08,5301.08258,cents per kilowatthour,million kilowatthours
2021-07,ND,North Dakota,RES,residential,12.25,398.20829,cents per kilowatthour,million kilowatthours
2021-07,NC,North Carolina,RES,residential,11.38,6132.80975,cents per kilowatthour,million kilowatthours
2021-07,NY,New York,RES,residential,19.64,5512.32175,cents per kilowatthour,million kilowatthours
2021-07,NM,New Mexico,RES,residential,14.39,768.87014,cents per kilowatthour,million kilowatthours
2021-07,MAT,Middle Atlantic,RES,residential,16.75,14752.80169,cents per kilowatthour,million kilowatthours
2021-07,NEW,New England,RES,residential,21.37,4660.65355,cents per kilowatthour,million kilowatthours
2021-07,WY,Wyoming,RES,residential,11.69,234.91021,cents per kilowatthour,million kilowatthours
2021-07,WI,Wisconsin,RES,residential,14.54,2315.6941,cents per kilowatthour,million kilowatthours
2021-07,NJ,New Jersey,RES,residential,16.94,3769.61288,cents per kilowatthour,million kilowatthours
2021-07,NH,New Hampshire,RES,residential,19.05,459.21883,cents per kilowatthour,million kilowatthours
2021-07,NV,Nevada,RES,residential,10.85,2133.77741,cents per kilowatthour,million kilowatthours
2021-07,NE,Nebraska,RES,residential,11.54,1086.82057,cents per kilowatthour,million kilowatthours
2021-07,WV,West Virginia,RES,residential,12.1,977.59959,cents per kilowatthour,million kilowatthours
2021-07,WA,Washington,RES,residential,10.26,2813.08805,cents per kilowatthour,million kilowatthours
2021-07,VA,Virginia,RES,residential,12.53,4744.16672,cents per kilowatthour,million kilowatthours
2021-07,VT,Vermont,RES,residential,18.97,182.24032,cents per kilowatthour,million kilowatthours
2021-07,UT,Utah,RES,residential,10.93,1385.67851,cents per kilowatthour,million kilowatthours
2021-07,TX,Texas,RES,residential,11.73,17237.46788,cents per kilowatthour,million kilowatthours
2021-07,TN,Tennessee,RES,residential,11.17,4255.77672,cents per kilowatthour,million kilowatthours
2021-07,SD,South Dakota,RES,residential,12.83,452.85964,cents per kilowatthour,million kilowatthours
2021-07,SC,South Carolina,RES,residential,12.6,3340.10517,cents per kilowatthour,million kilowatthours
2021-07,RI,Rhode Island,RES,residential,20.51,323.38469,cents per kilowatthour,million kilowatthours
2021-07,PA,Pennsylvania,RES,residential,13.7,5470.86706,cents per kilowatthour,million kilowatthours
2021-07,OR,Oregon,RES,residential,11.53,1699.31095,cents per kilowatthour,million kilowatthours
2021-07,HI,Hawaii,RES,residential,33.48,253.7802,cents per kilowatthour,million kilowatthours
2021-07,GA,Georgia,RES,residential,13.47,6238.43913,cents per kilowatthour,million kilowatthours
2021-07,FL,Florida,RES,residential,11.78,13370.39242,cents per kilowatthour,million kilowatthours
2021-07,DC,District of Columbia,RES,residential,12.87,280.17385,cents per kilowatthour,million kilowatthours
2021-07,MA,Massachusetts,RES,residential,22.88,1997.10538,cents per kilowatthour,million kilowatthours
2021-07,MD,Maryland,RES,residential,12.95,2890.73415,cents per kilowatthour,million kilowatthours
2021-07,ME,Maine,RES,residential,16.37,429.97373,cents per kilowatthour,million kilowatthours
2021-07,LA,Louisiana,RES,residential,10.9,3262.87826,cents per kilowatthour,million kilowatthours
2021-07,KY,Kentucky,RES,residential,11.59,2638.46562,cents per kilowatthour,million kilowatthours
2021-07,KS,Kansas,RES,residential,13.12,1563.07269,cents per kilowatthour,million kilowatthours
2021-07,IA,Iowa,RES,residential,14.39,1510.57281,cents per kilowatthour,million kilowatthours
2021-07,IN,Indiana,RES,residential,13.34,3310.94106,cents per kilowatthour,million kilowatthours
2021-07,IL,Illinois,RES,residential,12.68,5064.65762,cents per kilowatthour,million kilowatthours
2021-07,ID,Idaho,RES,residential,10.39,950.23171,cents per kilowatthour,million kilowatthours
2021-07,MT,Montana,RES,residential,11.54,496.1239,cents per kilowatthour,million kilowatthours
2021-07,MO,Missouri,RES,residential,13.15,3673.70747,cents per kilowatthour,million kilowatthours
2021-07,AL,Alabama,RES,residential,13.23,3267.54593,cents per kilowatthour,million kilowatthours
2021-07,US,U.S. Total,RES,residential,13.83,154494.57173,cents per kilowatthour,million kilowatthours
2021-07,PACN,Pacific Noncontiguous,RES,residential,29.82,398.06684,cents per kilowatthour,million kilowatthours
2021-07,PACC,Pacific Contiguous,RES,residential,19.02,15285.5145,cents per kilowatthour,million kilowatthours
2021-07,MTN,Mountain,RES,residential,12.17,13032.19106,cents per kilowatthour,million kilowatthours
2021-07,WSC,West South Central,RES,residential,11.55,25106.13823,cents per kilowatthour,million kilowatthours
2021-07,ESC,East South Central,RES,residential,11.87,12082.58431,cents per kilowatthour,million kilowatthours
2021-07,SAT,South Atlantic,RES,residential,12.26,38533.26462,cents per kilowatthour,million kilowatthours
2021-07,WNC,West North Central,RES,residential,13.3,10963.87789,cents per kilowatthour,million kilowatthours
2021-07,ENC,East North Central,RES,residential,14.08,19679.47903,cents per kilowatthour,million kilowatthours
2021-07,DE,Delaware,RES,residential,11.84,558.84384,cents per kilowatthour,million kilowatthours
2021-07,CT,Connecticut,RES,residential,22.1,1268.73061,cents per kilowatthour,million kilowatthours
2021-07,CO,Colorado,RES,residential,13.39,2232.66445,cents per kilowatthour,million kilowatthours
2021-07,CA,California,RES,residential,22.49,10773.1155,cents per kilowatthour,million kilowatthours
2021-07,AR,Arkansas,RES,residential,11.55,1931.76751,cents per kilowatthour,million kilowatthours
2021-07,AZ,Arizona,RES,residential,12.64,4829.93474,cents per kilowatthour,million kilowatthours
2021-06,DC,District of Columbia,RES,residential,12.96,217.78513,cents per kilowatthour,million kilowatthours
2021-06,US,U.S. Total,RES,residential,13.83,132153.48565,cents per kilowatthour,million kilowatthours
2021-06,PACN,Pacific Noncontiguous,RES,residential,29.47,379.153,cents per kilowatthour,million kilowatthours
2021-06,ENC,East North Central,RES,residential,14.27,17782.26916,cents per kilowatthour,million kilowatthours
2021-06,MAT,Middle Atlantic,RES,residential,16.65,12332.02936,cents per kilowatthour,million kilowatthours
2021-06,NEW,New England,RES,residential,20.7,4251.04496,cents per kilowatthour,million kilowatthours
2021-06,SD,South Dakota,RES,residential,12.91,405.24106,cents per kilowatthour,million kilowatthours
2021-06,SAT,South Atlantic,RES,residential,12.32,33343.31151,cents per kilowatthour,million kilowatthours
2021-06,WNC,West North Central,RES,residential,13.32,9710.67582,cents per kilowatthour,million kilowatthours
2021-06,UT,Utah,RES,residential,10.76,1206.22026,cents per kilowatthour,million kilowatthours
2021-06,WA,Washington,RES,residential,10.15,2717.3035,cents per kilowatthour,million kilowatthours
2021-06,NM,New Mexico,RES,residential,13.88,681.35021,cents per kilowatthour,million kilowatthours
2021-06,NJ,New Jersey,RES,residential,16.38,3175.17587,cents per kilowatthour,million kilowatthours
2021-06,WY,Wyoming,RES,residential,12.03,217.83346,cents per kilowatthour,million kilowatthours
2021-06,WI,Wisconsin,RES,residential,14.68,2114.67504,cents per kilowatthour,million kilowatthours
2021-06,WV,West Virginia,RES,residential,12.21,814.2853,cents per kilowatthour,million kilowatthours
2021-06,NE,Nebraska,RES,residential,11.25,905.57912,cents per kilowatthour,million kilowatthours
2021-06,PACC,Pacific Contiguous,RES,residential,18.59,11867.49937,cents per kilowatthour,million kilowatthours
2021-06,MTN,Mountain,RES,residential,12.14,11584.97902,cents per kilowatthour,million kilowatthours
2021-06,WSC,West South Central,RES,residential,11.84,20875.14724,cents per kilowatthour,million kilowatthours
2021-06,ESC,East South Central,RES,residential,12.01,10027.37622,cents per kilowatthour,million kilowatthours
2021-06,PA,Pennsylvania,RES,residential,13.99,4654.39005,cents per kilowatthour,million kilowatthours
2021-06,ID,Idaho,RES,residential,9.93,786.11359,cents per kilowatthour,million kilowatthours
2021-06,HI,Hawaii,RES,residential,32.97,238.12491,cents per kilowatthour,million kilowatthours
2021-06,TN,Tennessee,RES,residential,11.36,3437.0626,cents per kilowatthour,million kilowatthours
2021-06,TX,Texas,RES,residential,12.04,14379.21688,cents per kilowatthour,million kilowatthours
2021-06,VA,Virginia,RES,residential,12.41,3925.04399,cents per kilowatthour,million kilowatthours
2021-06,VT,Vermont,RES,residential,19.34,177.83717,cents per kilowatthour,million kilowatthours
2021-06,OK,Oklahoma,RES,residential,11.29,2201.52217,cents per kilowatthour,million kilowatthours
2021-06,IA,Iowa,RES,residential,13.99,1327.64388,cents per kilowatthour,million kilowatthours
2021-06,IN,Indiana,RES,residential,13.64,2910.06131,cents per kilowatthour,million kilowatthours
2021-06,IL,Illinois,RES,residential,12.83,4693.57222,cents per kilowatthour,million kilowatthours
2021-06,GA,Georgia,RES,residential,13.52,5338.24739,cents per kilowatthour,million kilowatthours
2021-06,OR,Oregon,RES,residential,11.51,1601.08088,cents per kilowatthour,million kilowatthours
2021-06,NH,New Hampshire,RES,residential,19.27,422.83033,cents per kilowatthour,million kilowatthours
2021-06,NV,Nevada,RES,residential,11.22,1791.6159,cents per kilowatthour,million kilowatthours
2021-06,ME,Maine,RES,residential,16.57,386.77151,cents per kilowatthour,million kilowatthours
2021-06,LA,Louisiana,RES,residential,11.35,2785.68162,cents per kilowatthour,million kilowatthours
2021-06,KY,Kentucky,RES,residential,11.46,2237.66887,cents per kilowatthour,million kilowatthours
2021-06,MT,Montana,RES,residential,11.5,394.25127,cents per kilowatthour,million kilowatthours
2021-06,MO,Missouri,RES,residential,13.22,3162.30066,cents per kilowatthour,million kilowatthours
2021-06,MS,Mississippi,RES,residential,11.77,1583.02264,cents per kilowatthour,million kilowatthours
2021-06,MN,Minnesota,RES,residential,14.17,2184.81982,cents per kilowatthour,million kilowatthours
2021-06,RI,Rhode Island,RES,residential,19.74,294.81777,cents per kilowatthour,million kilowatthours
2021-06,FL,Florida,RES,residential,11.88,12243.03919,cents per kilowatthour,million kilowatthours
2021-06,KS,Kansas,RES,residential,13.33,1376.98324,cents per kilowatthour,million kilowatthours
2021-06,CA,California,RES,residential,23.13,7549.11498,cents per kilowatthour,million kilowatthours
2021-06,AZ,Arizona,RES,residential,12.66,4572.96877,cents per kilowatthour,million kilowatthours
2021-06,MI,Michigan,RES,residential,17.85,3429.74709,cents per kilowatthour,million kilowatthours
2021-06,MA,Massachusetts,RES,residential,22.2,1745.85096,cents per kilowatthour,million kilowatthours
2021-06,MD,Maryland,RES,residential,13.07,2426.13952,cents per kilowatthour,million kilowatthours
2021-06,SC,South Carolina,RES,residential,12.94,2766.9166,cents per kilowatthour,million kilowatthours
2021-06,DE,Delaware,RES,residential,12.4,430.56298,cents per kilowatthour,million kilowatthours
2021-06,OH,Ohio,RES,residential,13.31,4634.21349,cents per kilowatthour,million kilowatthours
2021-06,ND,North Dakota,RES,residential,12.23,348.10803,cents per kilowatthour,million kilowatthours
2021-06,NC,North Carolina,RES,residential,11.34,5181.29142,cents per kilowatthour,million kilowatthours
2021-06,CT,Connecticut,RES,residential,20.8,1222.93723,cents per kilowatthour,million kilowatthours
2021-06,CO,Colorado,RES,residential,13.07,1934.62557,cents per kilowatthour,million kilowatthours
2021-06,AK,Alaska,RES,residential,23.58,141.02809,cents per kilowatthour,million kilowatthours
2021-06,AL,Alabama,RES,residential,13.4,2769.62211,cents per kilowatthour,million kilowatthours
2021-06,AR,Arkansas,RES,residential,11.64,1508.72658,cents per kilowatthour,million kilowatthours
2021-06,NY,New York,RES,residential,19.6,4502.46344,cents per kilowatthour,million kilowatthours
2021-05,MN,Minnesota,RES,residential,13.63,1579.99768,cents per kilowatthour,million kilowatthours
2021-05,WSC,West South Central,RES,residential,11.86,15212.71843,cents per kilowatthour,million kilowatthours
2021-05,US,U.S. Total,RES,residential,13.86,101160.29411,cents per kilowatthour,million kilowatthours
2021-05,PACN,Pacific Noncontiguous,RES,residential,29.07,377.66967,cents per kilowatthour,million kilowatthours
2021-05,PACC,Pacific Contiguous,RES,residential,18.24,10443.14567,cents per kilowatthour,million kilowatthours
2021-05,MTN,Mountain,RES,residential,12.1,8101.12365,cents per kilowatthour,million kilowatthours
2021-05,WY,Wyoming,RES,residential,11.41,193.09073,cents per kilowatthour,million kilowatthours
2021-05,WV,West Virginia,RES,residential,12.56,711.47879,cents per kilowatthour,million kilowatthours
2021-05,WA,Washington,RES,residential,10.21,2554.68246,cents per kilowatthour,million kilowatthours
2021-05,WI,Wisconsin,RES,residential,15.29,1573.75209,cents per kilowatthour,million kilowatthours
2021-05,ENC,East North Central,RES,residential,14.68,12972.64782,cents per kilowatthour,million kilowatthours
2021-05,MAT,Middle Atlantic,RES,residential,16.6,9033.84314,cents per kilowatthour,million kilowatthours
2021-05,WNC,West North Central,RES,residential,12.58,6869.87649,cents per kilowatthour,million kilowatthours
2021-05,NE,Nebraska,RES,residential,11.26,652.90146,cents per kilowatthour,million kilowatthours
2021-05,ESC,East South Central,RES,residential,12.22,7660.43615,cents per kilowatthour,million kilowatthours
2021-05,SAT,South Atlantic,RES,residential,12.21,27294.43008,cents per kilowatthour,million kilowatthours
2021-05,NEW,New England,RES,residential,21.34,3194.40301,cents per kilowatthour,million kilowatthours
2021-05,NV,Nevada,RES,residential,11.12,1108.94889,cents per kilowatthour,million kilowatthours
2021-05,VA,Virginia,RES,residential,12.06,2955.6173,cents per kilowatthour,million kilowatthours
2021-05,VT,Vermont,RES,residential,19.57,150.31239,cents per kilowatthour,million kilowatthours
2021-05,UT,Utah,RES,residential,10.03,741.22744,cents per kilowatthour,million kilowatthours
2021-05,TX,Texas,RES,residential,12.09,10486.28058,cents per kilowatthour,million kilowatthours
2021-05,KY,Kentucky,RES,residential,11.84,1701.52109,cents per kilowatthour,million kilowatthours
2021-05,KS,Kansas,RES,residential,13.84,864.58678,cents per kilowatthour,million kilowatthours
2021-05,IA,Iowa,RES,residential,13.37,957.05422,cents per kilowatthour,million kilowatthours
2021-05,PA,Pennsylvania,RES,residential,13.85,3625.92031,cents per kilowatthour,million kilowatthours
2021-05,NH,New Hampshire,RES,residential,19.95,322.8356,cents per kilowatthour,million kilowatthours
2021-05,MT,Montana,RES,residential,11.28,374.96255,cents per kilowatthour,million kilowatthours
2021-05,MA,Massachusetts,RES,residential,22.69,1333.82812,cents per kilowatthour,million kilowatthours
2021-05,MD,Maryland,RES,residential,12.88,1844.21623,cents per kilowatthour,million kilowatthours
2021-05,ME,Maine,RES,residential,16.61,342.11034,cents per kilowatthour,million kilowatthours
2021-05,LA,Louisiana,RES,residential,11.67,2085.04199,cents per kilowatthour,million kilowatthours
2021-05,SC,South Carolina,RES,residential,12.89,2202.3009,cents per kilowatthour,million kilowatthours
2021-05,RI,Rhode Island,RES,residential,20.8,210.67709,cents per kilowatthour,million kilowatthours
2021-05,ND,North Dakota,RES,residential,11.96,299.62205,cents per kilowatthour,million kilowatthours
2021-05,NC,North Carolina,RES,residential,11.65,4024.05822,cents per kilowatthour,million kilowatthours
2021-05,TN,Tennessee,RES,residential,11.43,2589.16899,cents per kilowatthour,million kilowatthours
2021-05,SD,South Dakota,RES,residential,13.09,328.158,cents per kilowatthour,million kilowatthours
2021-05,OH,Ohio,RES,residential,12.99,3556.957,cents per kilowatthour,million kilowatthours
2021-05,OR,Oregon,RES,residential,11.63,1345.18465,cents per kilowatthour,million kilowatthours
2021-05,OK,Oklahoma,RES,residential,10.88,1504.3543,cents per kilowatthour,million kilowatthours
2021-05,IN,Indiana,RES,residential,14.12,2166.84404,cents per kilowatthour,million kilowatthours
2021-05,IL,Illinois,RES,residential,14.18,3093.18298,cents per kilowatthour,million kilowatthours
2021-05,ID,Idaho,RES,residential,10.32,590.83635,cents per kilowatthour,million kilowatthours
2021-05,HI,Hawaii,RES,residential,32.99,229.25216,cents per kilowatthour,million kilowatthours
2021-05,GA,Georgia,RES,residential,13.16,4188.36784,cents per kilowatthour,million kilowatthours
2021-05,CT,Connecticut,RES,residential,22.11,834.63948,cents per kilowatthour,million kilowatthours
2021-05,CO,Colorado,RES,residential,12.53,1489.61668,cents per kilowatthour,million kilowatthours
2021-05,FL,Florida,RES,residential,11.76,10863.1859,cents per kilowatthour,million kilowatthours
2021-05,DC,District of Columbia,RES,residential,13.36,179.79859,cents per kilowatthour,million kilowatthours
2021-05,DE,Delaware,RES,residential,13.36,325.40632,cents per kilowatthour,million kilowatthours
2021-05,MI,Michigan,RES,residential,17.7,2581.91171,cents per kilowatthour,million kilowatthours
2021-05,AL,Alabama,RES,residential,13.42,2178.49545,cents per kilowatthour,million kilowatthours
2021-05,CA,California,RES,residential,22.74,6543.27856,cents per kilowatthour,million kilowatthours
2021-05,AR,Arkansas,RES,residential,11.34,1137.04156,cents per kilowatthour,million kilowatthours
2021-05,AZ,Arizona,RES,residential,13.04,3115.25334,cents per kilowatthour,million kilowatthours
2021-05,AK,Alaska,RES,residential,23.02,148.41751,cents per kilowatthour,million kilowatthours
2021-05,NJ,New Jersey,RES,residential,15.95,2016.44984,cents per kilowatthour,million kilowatthours
2021-05,NY,New York,RES,residential,19.93,3391.47299,cents per kilowatthour,million kilowatthours
2021-05,NM,New Mexico,RES,residential,13.17,487.18768,cents per kilowatthour,million kilowatthours
2021-05,MO,Missouri,RES,residential,11.38,2187.55631,cents per kilowatthour,million kilowatthours
2021-05,MS,Mississippi,RES,residential,12.25,1191.25062,cents per kilowatthour,million kilowatthours
2021-04,MT,Montana,RES,residential,11.06,424.37798,cents per kilowatthour,million kilowatthours
2021-04,MO,Missouri,RES,residential,11.08,2168.28259,cents per kilowatthour,million kilowatthours
2021-04,MS,Mississippi,RES,residential,11.96,1129.65355,cents per kilowatthour,million kilowatthours
2021-04,MN,Minnesota,RES,residential,13.25,1613.96487,cents per kilowatthour,million kilowatthours
2021-04,MI,Michigan,RES,residential,17.58,2394.61032,cents per kilowatthour,million kilowatthours
2021-04,MA,Massachusetts,RES,residential,23.45,1396.73322,cents per kilowatthour,million kilowatthours
2021-04,HI,Hawaii,RES,residential,32.92,209.5885,cents per kilowatthour,million kilowatthours
2021-04,MD,Maryland,RES,residential,12.96,1736.43606,cents per kilowatthour,million kilowatthours
2021-04,ME,Maine,RES,residential,16.45,423.9298,cents per kilowatthour,million kilowatthours
2021-04,LA,Louisiana,RES,residential,11.02,1813.05049,cents per kilowatthour,million kilowatthours
2021-04,KY,Kentucky,RES,residential,12.09,1626.10234,cents per kilowatthour,million kilowatthours
2021-04,NY,New York,RES,residential,18.55,3495.21726,cents per kilowatthour,million kilowatthours
2021-04,NM,New Mexico,RES,residential,12.96,454.1432,cents per kilowatthour,million kilowatthours
2021-04,NJ,New Jersey,RES,residential,16.5,1775.58497,cents per kilowatthour,million kilowatthours
2021-04,NH,New Hampshire,RES,residential,19.81,331.63003,cents per kilowatthour,million kilowatthours
2021-04,NV,Nevada,RES,residential,12.16,821.14498,cents per kilowatthour,million kilowatthours
2021-04,NE,Nebraska,RES,residential,11.48,644.52333,cents per kilowatthour,million kilowatthours
2021-04,US,U.S. Total,RES,residential,13.73,93890.87998,cents per kilowatthour,million kilowatthours
2021-04,PACN,Pacific Noncontiguous,RES,residential,28.19,376.9217,cents per kilowatthour,million kilowatthours
2021-04,PACC,Pacific Contiguous,RES,residential,17.53,9773.10596,cents per kilowatthour,million kilowatthours
2021-04,MTN,Mountain,RES,residential,11.84,7123.03907,cents per kilowatthour,million kilowatthours
2021-04,WSC,West South Central,RES,residential,11.79,13476.3649,cents per kilowatthour,million kilowatthours
2021-04,ESC,East South Central,RES,residential,12.26,7414.56357,cents per kilowatthour,million kilowatthours
2021-04,SAT,South Atlantic,RES,residential,12.06,24386.52703,cents per kilowatthour,million kilowatthours
2021-04,WNC,West North Central,RES,residential,12.13,6900.70558,cents per kilowatthour,million kilowatthours
2021-04,SD,South Dakota,RES,residential,11.93,368.77466,cents per kilowatthour,million kilowatthours
2021-04,SC,South Carolina,RES,residential,12.99,2018.27983,cents per kilowatthour,million kilowatthours
2021-04,RI,Rhode Island,RES,residential,23.54,203.28745,cents per kilowatthour,million kilowatthours
2021-04,PA,Pennsylvania,RES,residential,13.73,3598.85455,cents per kilowatthour,million kilowatthours
2021-04,OR,Oregon,RES,residential,11.37,1468.01012,cents per kilowatthour,million kilowatthours
2021-04,OK,Oklahoma,RES,residential,11.41,1338.10629,cents per kilowatthour,million kilowatthours
2021-04,OH,Ohio,RES,residential,13.11,3421.18931,cents per kilowatthour,million kilowatthours
2021-04,ND,North Dakota,RES,residential,10.82,352.3832,cents per kilowatthour,million kilowatthours
2021-04,IA,Iowa,RES,residential,12.32,950.08601,cents per kilowatthour,million kilowatthours
2021-04,NC,North Carolina,RES,residential,11.51,4113.25199,cents per kilowatthour,million kilowatthours
2021-04,ENC,East North Central,RES,residential,14.49,12220.63255,cents per kilowatthour,million kilowatthours
2021-04,MAT,Middle Atlantic,RES,residential,16.18,8869.65678,cents per kilowatthour,million kilowatthours
2021-04,NEW,New England,RES,residential,22.1,3349.36286,cents per kilowatthour,million kilowatthours
2021-04,WY,Wyoming,RES,residential,11.08,227.80512,cents per kilowatthour,million kilowatthours
2021-04,WI,Wisconsin,RES,residential,14.59,1542.58223,cents per kilowatthour,million kilowatthours
2021-04,WV,West Virginia,RES,residential,12.42,693.61459,cents per kilowatthour,million kilowatthours
2021-04,WA,Washington,RES,residential,10.14,2980.9267,cents per kilowatthour,million kilowatthours
2021-04,VA,Virginia,RES,residential,12.66,2438.39774,cents per kilowatthour,million kilowatthours
2021-04,VT,Vermont,RES,residential,19.46,154.69721,cents per kilowatthour,million kilowatthours
2021-04,UT,Utah,RES,residential,9.99,686.2811,cents per kilowatthour,million kilowatthours
2021-04,TX,Texas,RES,residential,12.08,9225.57474,cents per kilowatthour,million kilowatthours
2021-04,TN,Tennessee,RES,residential,11.51,2693.12318,cents per kilowatthour,million kilowatthours
2021-04,KS,Kansas,RES,residential,13.66,802.69094,cents per kilowatthour,million kilowatthours
2021-04,CT,Connecticut,RES,residential,23.76,839.08515,cents per kilowatthour,million kilowatthours
2021-04,IN,Indiana,RES,residential,13.84,2085.00192,cents per kilowatthour,million kilowatthours
2021-04,IL,Illinois,RES,residential,13.98,2777.24876,cents per kilowatthour,million kilowatthours
2021-04,CO,Colorado,RES,residential,12.46,1435.58059,cents per kilowatthour,million kilowatthours
2021-04,CA,California,RES,residential,23.37,5324.16915,cents per kilowatthour,million kilowatthours
2021-04,AR,Arkansas,RES,residential,11.09,1099.63337,cents per kilowatthour,million kilowatthours
2021-04,AZ,Arizona,RES,residential,12.52,2399.8726,cents per kilowatthour,million kilowatthours
2021-04,GA,Georgia,RES,residential,12.13,3660.73381,cents per kilowatthour,million kilowatthours
2021-04,FL,Florida,RES,residential,11.68,9220.07091,cents per kilowatthour,million kilowatthours
2021-04,DE,Delaware,RES,residential,12.69,348.84687,cents per kilowatthour,million kilowatthours
2021-04,AK,Alaska,RES,residential,22.27,167.3332,cents per kilowatthour,million kilowatthours
2021-04,AL,Alabama,RES,residential,13.61,1965.6845,cents per kilowatthour,million kilowatthours
2021-04,DC,District of Columbia,RES,residential,13.31,156.89524,cents per kilowatthour,million kilowatthours
2021-04,ID,Idaho,RES,residential,9.62,673.8335,cents per kilowatthour,million kilowatthours
2021-03,KY,Kentucky,RES,residential,10.98,2063.74761,cents per kilowatthour,million kilowatthours
2021-03,KS,Kansas,RES,residential,12.92,923.01595,cents per kilowatthour,million kilowatthours
2021-03,DC,District of Columbia,RES,residential,12.88,196.06473,cents per kilowatthour,million kilowatthours
2021-03,DE,Delaware,RES,residential,12.06,439.51389,cents per kilowatthour,million kilowatthours
2021-03,CT,Connecticut,RES,residential,22.72,1044.90896,cents per kilowatthour,million kilowatthours
2021-03,CO,Colorado,RES,residential,12.26,1621.17994,cents per kilowatthour,million kilowatthours
2021-03,PACC,Pacific Contiguous,RES,residential,16.97,13329.2166,cents per kilowatthour,million kilowatthours
2021-03,MTN,Mountain,RES,residential,11.6,7466.69744,cents per kilowatthour,million kilowatthours
2021-03,ESC,East South Central,RES,residential,11.46,9397.89071,cents per kilowatthour,million kilowatthours
2021-03,SAT,South Atlantic,RES,residential,11.78,28170.43838,cents per kilowatthour,million kilowatthours
2021-03,WNC,West North Central,RES,residential,11.34,8499.90055,cents per kilowatthour,million kilowatthours
2021-03,US,U.S. Total,RES,residential,13.24,114373.98006,cents per kilowatthour,million kilowatthours
2021-03,PACN,Pacific Noncontiguous,RES,residential,27.82,420.49138,cents per kilowatthour,million kilowatthours
2021-03,MS,Mississippi,RES,residential,11.36,1505.61897,cents per kilowatthour,million kilowatthours
2021-03,MN,Minnesota,RES,residential,12.97,1950.24604,cents per kilowatthour,million kilowatthours
2021-03,MI,Michigan,RES,residential,17.18,2676.53454,cents per kilowatthour,million kilowatthours
2021-03,MA,Massachusetts,RES,residential,23.08,1592.50122,cents per kilowatthour,million kilowatthours
2021-03,WSC,West South Central,RES,residential,11.1,17855.86027,cents per kilowatthour,million kilowatthours
2021-03,SD,South Dakota,RES,residential,11.27,450.23868,cents per kilowatthour,million kilowatthours
2021-03,SC,South Carolina,RES,residential,12.96,2282.38125,cents per kilowatthour,million kilowatthours
2021-03,RI,Rhode Island,RES,residential,23.34,242.01599,cents per kilowatthour,million kilowatthours
2021-03,PA,Pennsylvania,RES,residential,13.22,4615.72183,cents per kilowatthour,million kilowatthours
2021-03,OR,Oregon,RES,residential,11.14,1882.68996,cents per kilowatthour,million kilowatthours
2021-03,OK,Oklahoma,RES,residential,8.85,1618.43768,cents per kilowatthour,million kilowatthours
2021-03,MT,Montana,RES,residential,10.91,542.82397,cents per kilowatthour,million kilowatthours
2021-03,MO,Missouri,RES,residential,10.26,2648.68484,cents per kilowatthour,million kilowatthours
2021-03,CA,California,RES,residential,22.04,7544.19993,cents per kilowatthour,million kilowatthours
2021-03,AR,Arkansas,RES,residential,10.39,1667.48454,cents per kilowatthour,million kilowatthours
2021-03,AZ,Arizona,RES,residential,12.15,2150.05255,cents per kilowatthour,million kilowatthours
2021-03,AK,Alaska,RES,residential,22,199.32626,cents per kilowatthour,million kilowatthours
2021-03,AL,Alabama,RES,residential,13.23,2306.30244,cents per kilowatthour,million kilowatthours
2021-03,NE,Nebraska,RES,residential,10.03,901.06441,cents per kilowatthour,million kilowatthours
2021-03,NC,North Carolina,RES,residential,11.28,4605.51477,cents per kilowatthour,million kilowatthours
2021-03,NY,New York,RES,residential,18.04,4114.99515,cents per kilowatthour,million kilowatthours
2021-03,NM,New Mexico,RES,residential,12.61,536.72354,cents per kilowatthour,million kilowatthours
2021-03,VT,Vermont,RES,residential,18.71,188.03541,cents per kilowatthour,million kilowatthours
2021-03,UT,Utah,RES,residential,9.98,764.22137,cents per kilowatthour,million kilowatthours
2021-03,TX,Texas,RES,residential,11.7,12105.31328,cents per kilowatthour,million kilowatthours
2021-03,TN,Tennessee,RES,residential,10.63,3522.22169,cents per kilowatthour,million kilowatthours
2021-03,WV,West Virginia,RES,residential,12.49,960.88851,cents per kilowatthour,million kilowatthours
2021-03,WA,Washington,RES,residential,9.97,3902.32671,cents per kilowatthour,million kilowatthours
2021-03,NJ,New Jersey,RES,residential,15.95,2143.25484,cents per kilowatthour,million kilowatthours
2021-03,NH,New Hampshire,RES,residential,19.22,411.83617,cents per kilowatthour,million kilowatthours
2021-03,VA,Virginia,RES,residential,11.55,3835.62371,cents per kilowatthour,million kilowatthours
2021-03,OH,Ohio,RES,residential,12.38,4102.8248,cents per kilowatthour,million kilowatthours
2021-03,ND,North Dakota,RES,residential,10.2,430.25717,cents per kilowatthour,million kilowatthours
2021-03,ENC,East North Central,RES,residential,13.96,14423.60016,cents per kilowatthour,million kilowatthours
2021-03,MAT,Middle Atlantic,RES,residential,15.58,10873.97182,cents per kilowatthour,million kilowatthours
2021-03,NEW,New England,RES,residential,21.62,3935.91274,cents per kilowatthour,million kilowatthours
2021-03,WY,Wyoming,RES,residential,10.76,276.98012,cents per kilowatthour,million kilowatthours
2021-03,WI,Wisconsin,RES,residential,14.32,1800.94462,cents per kilowatthour,million kilowatthours
2021-03,NV,Nevada,RES,residential,11.94,813.51617,cents per kilowatthour,million kilowatthours
2021-03,MD,Maryland,RES,residential,12.78,2203.41932,cents per kilowatthour,million kilowatthours
2021-03,FL,Florida,RES,residential,11.53,9383.73825,cents per kilowatthour,million kilowatthours
2021-03,ID,Idaho,RES,residential,9.96,761.19979,cents per kilowatthour,million kilowatthours
2021-03,HI,Hawaii,RES,residential,33.07,221.16512,cents per kilowatthour,million kilowatthours
2021-03,GA,Georgia,RES,residential,11.72,4263.29395,cents per kilowatthour,million kilowatthours
2021-03,IL,Illinois,RES,residential,13.82,3268.80284,cents per kilowatthour,million kilowatthours
2021-03,IA,Iowa,RES,residential,11.26,1196.39347,cents per kilowatthour,million kilowatthours
2021-03,IN,Indiana,RES,residential,13.04,2574.49337,cents per kilowatthour,million kilowatthours
2021-03,ME,Maine,RES,residential,16.41,456.61498,cents per kilowatthour,million kilowatthours
2021-03,LA,Louisiana,RES,residential,10.14,2464.62477,cents per kilowatthour,million kilowatthours
2021-02,MTN,Mountain,RES,residential,11.54,7480.81144,cents per kilowatthour,million kilowatthours
2021-02,MA,Massachusetts,RES,residential,22.67,1793.69836,cents per kilowatthour,million kilowatthours
2021-02,MD,Maryland,RES,residential,12.47,2699.71742,cents per kilowatthour,million kilowatthours
2021-02,ME,Maine,RES,residential,16.23,468.12911,cents per kilowatthour,million kilowatthours
2021-02,LA,Louisiana,RES,residential,9.97,2524.46573,cents per kilowatthour,million kilowatthours
2021-02,KY,Kentucky,RES,residential,10.31,2730.74482,cents per kilowatthour,million kilowatthours
2021-02,KS,Kansas,RES,residential,12.21,1247.1262,cents per kilowatthour,million kilowatthours
2021-02,US,U.S. Total,RES,residential,13.01,126549.55737,cents per kilowatthour,million kilowatthours
2021-02,PACN,Pacific Noncontiguous,RES,residential,27.13,399.58183,cents per kilowatthour,million kilowatthours
2021-02,NY,New York,RES,residential,18.83,4377.57766,cents per kilowatthour,million kilowatthours
2021-02,NM,New Mexico,RES,residential,12.83,560.57965,cents per kilowatthour,million kilowatthours
2021-02,NJ,New Jersey,RES,residential,16.36,2225.32074,cents per kilowatthour,million kilowatthours
2021-02,VT,Vermont,RES,residential,18.39,205.78224,cents per kilowatthour,million kilowatthours
2021-02,UT,Utah,RES,residential,9.98,771.75516,cents per kilowatthour,million kilowatthours
2021-02,TX,Texas,RES,residential,12.69,11722.6453,cents per kilowatthour,million kilowatthours
2021-02,TN,Tennessee,RES,residential,10.23,4373.7892,cents per kilowatthour,million kilowatthours
2021-02,SD,South Dakota,RES,residential,12.29,527.38756,cents per kilowatthour,million kilowatthours
2021-02,SC,South Carolina,RES,residential,12.61,2686.52754,cents per kilowatthour,million kilowatthours
2021-02,WV,West Virginia,RES,residential,11.1,1196.8028,cents per kilowatthour,million kilowatthours
2021-02,WA,Washington,RES,residential,9.81,3940.53561,cents per kilowatthour,million kilowatthours
2021-02,VA,Virginia,RES,residential,11.24,4729.66487,cents per kilowatthour,million kilowatthours
2021-02,RI,Rhode Island,RES,residential,24.09,255.38637,cents per kilowatthour,million kilowatthours
2021-02,PA,Pennsylvania,RES,residential,13.06,5311.78221,cents per kilowatthour,million kilowatthours
2021-02,OR,Oregon,RES,residential,10.99,1940.37268,cents per kilowatthour,million kilowatthours
2021-02,OK,Oklahoma,RES,residential,10.97,2317.68443,cents per kilowatthour,million kilowatthours
2021-02,WY,Wyoming,RES,residential,10.84,303.39144,cents per kilowatthour,million kilowatthours
2021-02,WI,Wisconsin,RES,residential,13.96,2000.41716,cents per kilowatthour,million kilowatthours
2021-02,OH,Ohio,RES,residential,11.64,5062.77565,cents per kilowatthour,million kilowatthours
2021-02,FL,Florida,RES,residential,11.79,9309.15229,cents per kilowatthour,million kilowatthours
2021-02,DC,District of Columbia,RES,residential,12.74,211.45151,cents per kilowatthour,million kilowatthours
2021-02,DE,Delaware,RES,residential,11.95,478.67362,cents per kilowatthour,million kilowatthours
2021-02,CT,Connecticut,RES,residential,22.75,1144.79686,cents per kilowatthour,million kilowatthours
2021-02,CO,Colorado,RES,residential,12.54,1597.482,cents per kilowatthour,million kilowatthours
2021-02,NH,New Hampshire,RES,residential,19.27,428.77985,cents per kilowatthour,million kilowatthours
2021-02,NV,Nevada,RES,residential,11.82,781.84689,cents per kilowatthour,million kilowatthours
2021-02,NE,Nebraska,RES,residential,9.32,1059.95244,cents per kilowatthour,million kilowatthours
2021-02,MT,Montana,RES,residential,10.66,577.91969,cents per kilowatthour,million kilowatthours
2021-02,ID,Idaho,RES,residential,9.59,872.56559,cents per kilowatthour,million kilowatthours
2021-02,HI,Hawaii,RES,residential,32.49,200.56171,cents per kilowatthour,million kilowatthours
2021-02,GA,Georgia,RES,residential,11.57,4995.96106,cents per kilowatthour,million kilowatthours
2021-02,ND,North Dakota,RES,residential,9.47,571.10134,cents per kilowatthour,million kilowatthours
2021-02,NC,North Carolina,RES,residential,10.98,5653.02683,cents per kilowatthour,million kilowatthours
2021-02,IA,Iowa,RES,residential,11.6,1377.2499,cents per kilowatthour,million kilowatthours
2021-02,IN,Indiana,RES,residential,12.32,3330.0527,cents per kilowatthour,million kilowatthours
2021-02,IL,Illinois,RES,residential,12.19,4158.57897,cents per kilowatthour,million kilowatthours
2021-02,CA,California,RES,residential,22.5,6320.65165,cents per kilowatthour,million kilowatthours
2021-02,AR,Arkansas,RES,residential,12.17,1851.47773,cents per kilowatthour,million kilowatthours
2021-02,AZ,Arizona,RES,residential,12.08,2015.27102,cents per kilowatthour,million kilowatthours
2021-02,AK,Alaska,RES,residential,21.73,199.02012,cents per kilowatthour,million kilowatthours
2021-02,AL,Alabama,RES,residential,12.88,2888.98203,cents per kilowatthour,million kilowatthours
2021-02,MO,Missouri,RES,residential,9.28,3797.99796,cents per kilowatthour,million kilowatthours
2021-02,MS,Mississippi,RES,residential,11.17,1649.75751,cents per kilowatthour,million kilowatthours
2021-02,MN,Minnesota,RES,residential,12.7,2109.38991,cents per kilowatthour,million kilowatthours
2021-02,MI,Michigan,RES,residential,16.95,2993.79627,cents per kilowatthour,million kilowatthours
2021-02,SAT,South Atlantic,RES,residential,11.64,31960.97795,cents per kilowatthour,million kilowatthours
2021-02,WNC,West North Central,RES,residential,10.76,10690.20531,cents per kilowatthour,million kilowatthours
2021-02,ENC,East North Central,RES,residential,13.07,17545.62076,cents per kilowatthour,million kilowatthours
2021-02,MAT,Middle Atlantic,RES,residential,15.8,11914.68061,cents per kilowatthour,million kilowatthours
2021-02,NEW,New England,RES,residential,21.53,4296.57279,cents per kilowatthour,million kilowatthours
2021-02,WSC,West South Central,RES,residential,12.05,18416.27318,cents per kilowatthour,million kilowatthours
2021-02,ESC,East South Central,RES,residential,11.04,11643.27356,cents per kilowatthour,million kilowatthours
2021-02,PACC,Pacific Contiguous,RES,residential,16.57,12201.55995,cents per kilowatthour,million kilowatthours
2021-01,LA,Louisiana,RES,residential,9.51,2858.53733,cents per kilowatthour,million kilowatthours
2021-01,KY,Kentucky,RES,residential,10.46,2807.80868,cents per kilowatthour,million kilowatthours
2021-01,AK,Alaska,RES,residential,21.42,206.27972,cents per kilowatthour,million kilowatthours
2021-01,AZ,Arizona,RES,residential,11.69,2591.04863,cents per kilowatthour,million kilowatthours
2021-01,AL,Alabama,RES,residential,12.21,3145.56687,cents per kilowatthour,million kilowatthours
2021-01,CA,California,RES,residential,21.45,7540.17118,cents per kilowatthour,million kilowatthours
2021-01,CO,Colorado,RES,residential,12.07,1775.18935,cents per kilowatthour,million kilowatthours
2021-01,CT,Connecticut,RES,residential,21.32,1277.72635,cents per kilowatthour,million kilowatthours
2021-01,DE,Delaware,RES,residential,11.73,497.42128,cents per kilowatthour,million kilowatthours
2021-01,DC,District of Columbia,RES,residential,12.21,240.08128,cents per kilowatthour,million kilowatthours
2021-01,FL,Florida,RES,residential,11.47,9886.52514,cents per kilowatthour,million kilowatthours
2021-01,AR,Arkansas,RES,residential,9.48,1913.44046,cents per kilowatthour,million kilowatthours
2021-01,ME,Maine,RES,residential,16.49,468.00806,cents per kilowatthour,million kilowatthours
2021-01,MD,Maryland,RES,residential,12.6,2921.62193,cents per kilowatthour,million kilowatthours
2021-01,SD,South Dakota,RES,residential,10.96,502.4644,cents per kilowatthour,million kilowatthours
2021-01,TN,Tennessee,RES,residential,10.31,4399.99074,cents per kilowatthour,million kilowatthours
2021-01,OK,Oklahoma,RES,residential,8.83,2232.96022,cents per kilowatthour,million kilowatthours
2021-01,OR,Oregon,RES,residential,11.04,2065.13671,cents per kilowatthour,million kilowatthours
2021-01,GA,Georgia,RES,residential,10.77,5644.47404,cents per kilowatthour,million kilowatthours
2021-01,IA,Iowa,RES,residential,10.85,1466.28481,cents per kilowatthour,million kilowatthours
2021-01,KS,Kansas,RES,residential,11.85,1198.84473,cents per kilowatthour,million kilowatthours
2021-01,TX,Texas,RES,residential,11.35,13395.66338,cents per kilowatthour,million kilowatthours
2021-01,UT,Utah,RES,residential,9.98,908.71112,cents per kilowatthour,million kilowatthours
2021-01,VT,Vermont,RES,residential,18.39,222.60383,cents per kilowatthour,million kilowatthours
2021-01,MS,Mississippi,RES,residential,10.65,1799.04583,cents per kilowatthour,million kilowatthours
2021-01,MO,Missouri,RES,residential,9.3,3610.01874,cents per kilowatthour,million kilowatthours
2021-01,MT,Montana,RES,residential,10.7,575.30201,cents per kilowatthour,million kilowatthours
2021-01,MN,Minnesota,RES,residential,12.56,2192.48179,cents per kilowatthour,million kilowatthours
2021-01,NH,New Hampshire,RES,residential,18.93,471.84702,cents per kilowatthour,million kilowatthours
2021-01,ND,North Dakota,RES,residential,9.47,538.21493,cents per kilowatthour,million kilowatthours
2021-01,MA,Massachusetts,RES,residential,22.3,1941.77215,cents per kilowatthour,million kilowatthours
2021-01,MI,Michigan,RES,residential,16.92,3160.26492,cents per kilowatthour,million kilowatthours
2021-01,OH,Ohio,RES,residential,11.81,5221.73307,cents per kilowatthour,million kilowatthours
2021-01,NJ,New Jersey,RES,residential,16.14,2612.83501,cents per kilowatthour,million kilowatthours
2021-01,NM,New Mexico,RES,residential,12.44,665.03765,cents per kilowatthour,million kilowatthours
2021-01,HI,Hawaii,RES,residential,30.67,245.08555,cents per kilowatthour,million kilowatthours
2021-01,ID,Idaho,RES,residential,10.02,968.3574,cents per kilowatthour,million kilowatthours
2021-01,IL,Illinois,RES,residential,12.23,4171.3467,cents per kilowatthour,million kilowatthours
2021-01,IN,Indiana,RES,residential,12.18,3329.52868,cents per kilowatthour,million kilowatthours
2021-01,NE,Nebraska,RES,residential,9.31,1008.00268,cents per kilowatthour,million kilowatthours
2021-01,SC,South Carolina,RES,residential,11.65,3044.35123,cents per kilowatthour,million kilowatthours
2021-01,PA,Pennsylvania,RES,residential,13.07,5778.68592,cents per kilowatthour,million kilowatthours
2021-01,RI,Rhode Island,RES,residential,23.41,287.65025,cents per kilowatthour,million kilowatthours
2021-01,NV,Nevada,RES,residential,11.52,951.7913,cents per kilowatthour,million kilowatthours
2021-01,VA,Virginia,RES,residential,10.89,5249.47142,cents per kilowatthour,million kilowatthours
2021-01,NY,New York,RES,residential,18.31,4661.62879,cents per kilowatthour,million kilowatthours
2021-01,NC,North Carolina,RES,residential,10.39,6227.36053,cents per kilowatthour,million kilowatthours
2021-01,WA,Washington,RES,residential,9.77,3986.35478,cents per kilowatthour,million kilowatthours
2021-01,PACC,Pacific Contiguous,RES,residential,16.44,13591.66268,cents per kilowatthour,million kilowatthours
2021-01,ESC,East South Central,RES,residential,10.89,12152.41213,cents per kilowatthour,million kilowatthours
2021-01,WSC,West South Central,RES,residential,10.64,20400.60138,cents per kilowatthour,million kilowatthours
2021-01,MTN,Mountain,RES,residential,11.33,8752.48799,cents per kilowatthour,million kilowatthours
2021-01,WV,West Virginia,RES,residential,11.19,1346.3597,cents per kilowatthour,million kilowatthours
2021-01,WI,Wisconsin,RES,residential,14.03,2154.21267,cents per kilowatthour,million kilowatthours
2021-01,PACN,Pacific Noncontiguous,RES,residential,26.44,451.36526,cents per kilowatthour,million kilowatthours
2021-01,US,U.S. Total,RES,residential,12.62,136682.35148,cents per kilowatthour,million kilowatthours
2021-01,WY,Wyoming,RES,residential,10.44,317.05053,cents per kilowatthour,million kilowatthours
2021-01,NEW,New England,RES,residential,20.99,4669.60765,cents per kilowatthour,million kilowatthours
2021-01,MAT,Middle Atlantic,RES,residential,15.56,13053.14973,cents per kilowatthour,million kilowatthours
2021-01,ENC,East North Central,RES,residential,13.14,18037.08604,cents per kilowatthour,million kilowatthours
2021-01,SAT,South Atlantic,RES,residential,11.19,35057.66655,cents per kilowatthour,million kilowatthours
2021-01,WNC,West North Central,RES,residential,10.57,10516.31208,cents per kilowatthour,million kilowatthours
